2424 3692
388 394 632 424 eramentum
649 381 812 423 testatur
828 381 980 433 Barbcff.
993 381 1038 422 de
1044 378 1222 435 potestat.
1236 383 1317 422 Pa-

388 439 584 495 roch.par.
606 451 639 480 1.
654 453 732 493 cap.
751 451 767 477 1
784 450 815 480 1.
830 452 932 479 num.
951 450 968 484 ς
984 453 1019 480 1.

454 497 600 558 Qoad
629 496 838 539 secundum
875 496 1042 538 dubium
1076 495 1311 538 affirmative

327 555 443 603 47est
466 555 779 611 respondendum
794 569 805 597 s
820 555 1010 608 quoniam
1032 556 1216 597 Vicarius
1229 555 1311 597 Ca-

384 614 565 668 pitularis
600 612 704 653 Sede
733 614 910 654 Vacante
934 638 948 658 ,
980 612 1118 668 quoad
1138 611 1312 667 Jurisdi-

385 670 555 711 ctionem
587 668 766 711 succedit
798 669 995 724 Episcopo
1019 696 1033 717 ‚
1065 670 1174 711 unde·
1199 669 1312 712 ficuti

379 727 596 783 Episcopus
619 728 746 782 potest
767 728 861 769 date
877 729 1081 770 licentiam
1106 728 1311 783 aperiendi

380 787 566 827 oratoria
590 786 781 841 publica,
811 782 922 834 juxta
945 788 981 825 T
985 795 1122 828 extum
1145 785 1183 825 in
1209 785 1310 826 dic‘lo

380 857 462 898 cap.
475 844 720 884 Auft'oritate
739 845 787 885 de
810 844 1003 899 Privileg.
1018 845 1057 885 in
1080 847 1119 884 6.
1145 843 1311 900 ibique...-

380 899 491 957 Gloſjl
499 900 618 942 verbo
641 901 841 948 oratoria,
851 904 961 944 ita&
983 903 1162 944 vicarius
1186 901 1310 956 Capi-

381 961 520 1002 tularis
542 961 690 1012 poterit
714 960 809 1001 dare
833 957 1062 1008 hujusmodi
1086 960 1306 1004 licentiam,

309 1042 313 1047 -
379 1015 468 1058 cum
493 1015 709 1066 jurisdistio
730 1020 881 1059 Vicarii
902 1018 1148 1072 Capitularis
1163 1016 1306 1057 eadem

378 1073 450 1118 sit,
483 1088 571 1131 quae
595 1074 672 1117 fuit
692 1075 906 1131 'Episcopi-
939 1075 1205 1128 Niccohrqfhl.
1230 1078 1309 1113 Ca-

377 1135 498 1173 nonic.
524 1133 589 1173 lib.
610 1144 644 1173 1.
666 1133 729 1174 tit.
746 1136 813 1176 28.
839 1133 884 1172 de
907 1135 942 1172 V
944 1133 1037 1173 icar.
1051 1132 1223 1185 Capitul.
1233 1144 1306 1169 nu-
1338 1164 1342 1169 .

375 1203 471 1231 mer.
489 1203 553 1231 21.
578 1190 678 1231 &in
691 1191 846 1244 Floscul.
859 1192 972 1233 verb.
987 1191 1166 1232 {sicarius
1189 1187 1301 1243 Capi-

375 1248 520 1289 tularis
536 1262 640 1289 num.
654 1250 720 1289 68.
1195 1299 1198 1302 ι

432 1305 561 1348 Immo
583 1307 788 1363 quoddam
813 1309 1095 1350 Monasterium
1121 1306 1300 1348 Fratrum

373 1365 415 1404 S·
435 1367 640 1406 Dominici
664 1379 829 1421 caeptum
849 1365 1036 1408 aedificari
1059 1366 1111 1407 de
1137 1365 1300 1406 licentia

372 1423 523 1464 Vicarii
549 1423 809 1478 Capitulari&
834 1420 1036 1480 respondit
1047 1425 1165 1465 Sacra
1185 1421 1301 1463 Con-

371 1483 555 1535 gregatio
579 1481 769 1525 Comini,
791 1480 991 1524 sinendum
1015 1479 1089 1523 effe
1101 1480 1152 1522 ad
1182 1478 1301 1521 finem

371 1540 565 1591 perduci,
582 1551 627 1580 ut
648 1540 810 1581 testatur
831 1542 1008 1595 Pugnan.
1020 1540 1060 1580 in
1075 1549 1156 1592 cap.
1168 1540 1299 1579 Non-2

370 1597 532 1650 amplius
555 1597 603 1637 de
627 1602 650 1638 I
656 1596 803 1648 nstitut.
832 1611 936 1639 num.
952 1609 1020 1647 70·
1050 1607 1148 1650 ergo
1169 1594 1192 1636 ὲ
1216 1594 1301 1637 for-

369 1656 465 1696 tiori
499 1654 604 1696 idem
639 1657 821 1697 Vicarius
859 1657 1103 1711 Capitularis
1146 1654 1294 1710 poterit

368 1711 464 1754 dare
489 1714 693 1754 licentiam
718 1713 941 1755 aedifica-ndi
958 1712 1142 1755 Oratoria
1158 1712 1295 1767 publi-

367 1782 412 1810 ca
427 1795 440 1815 ‚
473 1774 512 1812 δε
537 1771 618 1811 haec
639 1785 760 1828 caepta
783 1770 967 1813 :edificari
992 1772 1040 1812 de
1065 1767 1148 1818 ejus
1172 1769 1296 1813 licen-

366 1830 438 1873 tia,
463 1827 774 1883 permittendum
797 1831 866 1875 est,
896 1830 947 1871 ad
970 1828 1087 1870 finem
1118 1828 1295 1882 perduci3

365 1884 455 1925 cum
493 1885 664 1929 facultas
698 1887 879 1940 erigendi
912 1901 1061 1930 novum
1094 1886 1295 1927 Monaste-

365 1944 470 1984 rium
513 1959 592 1986 uon
632 1957 838 2001 competat
869 1944 1065 2001 Episcopo
1095 1945 1148 1989 de
1173 1943 1296 1997 Jurv

307 2003 596 2056 '48communi‚
629 2002 726 2045 ficut
747 2004 788 2043 ei
807 2004 1002 2059 competit
1025 2001 1195 2045 facultas
1214 2001 1295 2042 eri-

364 2061 487 2116 gendi
513 2062 701 2104 Oratoria
724 2061 889 2116 publica
911 2063 1088 2116 Fagnan.
1101 2060 1167 2103 ubi
1165 2060 1292 2114 supra

363 2132 468 2159 num.
494 2130 563 2170 75.
860 2155 862 2157 ,
953 2127 956 2129 ·
1025 2155 1028 2157 ,
1279 2141 1281 2145 f

418 2178 465 2217 In
496 2178 625 2220 nihilo
654 2176 850 2225 obstante,
880 2178 906 2220 fi
940 2193 1018 2220 non
1051 2177 1291 2224 interveniat

361 2235 576 2292 positivus,
606 2241 645 2279 &
668 2234 865 2290 expressus
887 2235 1093 2278 consensus
1116 2235 1290 2290 Capitu-

364 2294 420 2339 li,
451 2294 548 2348 quia
569 2306 620 2335 eo
643 2293 750 2347 ipso,
774 2293 894 2350 quod*
910 2297 1092 2338 vicarius
1115 2294 1290 2345 >Capitu-

362 2351 457 2393 latis
480 2350 677 2393 consentit
702 2352 941 2393 Fundationi
964 2351 1119 2406 publici
1142 2353 1288 2391 Orato-

360 2409 694 2463 rii2praesumitur
716 2409 849 2451 eidem
873 2409 1100 2452 fundationi
1124 2406 1288 2458 consen,-

359 2466 442 2510 siffe
461 2469 583 2509 etiam
607 2467 844 2521 Capitulum
859 2481 976 2511 ‚cum
1001 2469 1183 2509 Vicarius
1206 2467 1289 2507 Ca-

357 2524 541 2581 pitularis
582 2531 778 2567 exerceat
799 2521 1128 2579 Jurisdic‘tionem
1162 2524 1290 2580 Capi-.

363 2583 466 2624 tuli.
1159 2610 1163 2614 -

428 2639 718 2682 Descendendo
748 2641 800 2682 ad
831 2654 998 2685 examen
1029 2643 1135 2684 tertii
1157 2641 1290 2690 dubii,

357 2696 444 2746 ejus
472 2697 755 2740 resolutionem
772 2702 1002 2753 negativam
1028 2699 1103 2742 esse
1127 2698 1291 2743 cense05

357 2758 506 2797 etenim
539 2758 615 2798 PP.
637 2756 676 2798 S.
692 2757 867 2813 Philippi
893 2757 1010 2799 Nerii
1036 2759 1297 2809 devenientes

356 2814 409 2854 de
432 2813 619 2855 consensu
652 2814 802 2857 vicarii
831 2811 1079 2871 Capitu'laris
1110 2816 1162 2856 ad
1188 2826 1297 2856 tota-

737 259 1218 324 Commentaria
1262 258 1347 323 ad
1389 255 1668 346 singulos
1714 264 2001 325 Canones

1434 393 1547 436 ptum
1570 379 1854 432 jurisdistionis
1876 379 2044 430 alicujus
2057 381 2244 437 judicis,
2267 393 2360 423 cuni
2397 392 2417 416 ’-

1434 439 1458 480 a
1475 439 1637 480 Vicario
1662 438 1890 494 Capitulari
1906 462 1919 482 2
1941 452 2010 480 aut
2033 439 2086 482 ab
2110 440 2195 482 alio
2214 440 2359 496 Judic‹:

1428 511 1506 538 non
1523 495 1600 538 fuit
1611 496 1669 537 eis
1693 494 1793 538 facta
1815 496 2086 542 inhibitio,&
2109 496 2344 554 prohibitio:
2396 496 2417 554 (ἲ

1427 568 1478 597 ne
1522 566 1815 608 exequerentur
1851 555 2018 596 totalem
2053 554 2359 598 fundationem.-
2388 563 2417 577 ·'⁴

1429 612 1638 658 cratoni,
1668 612 1793 653 immo
1827 612 1879 654 ab
1913 612 2058 653 eodem
2081 613 2244 655 vicario
2279 610 2358 654 fuiit
2392 614 2418 660 ·ἷ

1430 671 1489 712 cis
1521 667 1744 726 permissum
1777 669 1892 711 illam
1921 667 1974 711 ad
2003 669 2122 712 finem
2153 669 2318 727 perduci
2345 704 2347 708 .

1428 729 1518 770 Nec
1543 728 1673 769 tendit
1694 727 1734 768 in
1758 725 2033 782 praejudicium
2063 728 2245 770 modern-i
2281 730 2347 770 Pa·
2415 738 2419 778 ζ

1429 785 1544 827 rochi
1561 811 1574 831 ,
1606 788 1645 827 δε
1670 784 1988 828 communitatis
2012 809 2025 829 a
2049 786 2158 836 iuxta
2181 785 2349 839 superius
2381 829 2390 835 ,
2416 783 2421 838 ξ

1428 842 1624 888 adduam
1647 844 1851 898 Adeoque
1874 842 2048 897 prandisti
2073 847 2208 888 Patres
2229 843 2349 887 deve·
2390 847 2392 850 ’

1428 902 1580 944 niendo
1614 901 1665 942 ad
1699 899 1928 951 hujusmodi
1963 900 2239 944 fundationem
2271 901 2351 943 dici
2422 937 2424 946 ,

1423 973 1504 1002 uon
1528 958 1681 1015 possunt
1705 959 1911 1001 attentasti:
1935 974 1947 1004 ;
1977 972 2068 1000 cum
2094 961 2201 1002 actus
2222 973 2351 1003 atten-

1423 1029 1531 1060 tatus
1554 1015 1712 1058 dicatur
1736 1015 1834 1063 ille,
1857 1015 1930 1073 qui
1956 1017 2087 1059 tendit
2109 1017 2152 1059 in
2173 1030 2351 1060 contem-

1364 1087 1540 1129 49ptum
1558 1073 1718 1132 Judicis
1740 1097 1755 1118 2
1786 1079 1826 1117 δε
1851 1075 1892 1116 in
1917 1073 2187 1129 praejudicium
2210 1074 2350 1130 partis,
2388 1086 2397 1131 J

1365 1613 1387 1651 5

357 2870 438 2912 lem
474 2873 753 2914 executionem
789 2872 1038 2916 fundationis
1074 2872 1170 2914 dicti
1196 2874 1299 2914 Ora·
1331 2881 1336 2887 ⁴

357 2930 453 2969 torii
469 2956 481 2975 ‚
512 2930 590 2981 jam
614 2930 637 2971 a
655 2931 787 2972 multo
817 2944 1001 2986 tempore
1026 2931 1078 2972 de
1106 2928 1297 2972 consensu

357 2985 544 3042 Episcopi
569 2987 757 3042 legitime
780 2987 938 3030 fundati
963 3015 977 3035 ,
1003 2993 1042 3031 &
1067 2987 1297 3034 construeris

360 3043 473 3084 nulla
507 3044 794 3087 commiserunt
820 3045 1035 3088 Attentata
1058 3072 1073 3092 2
1114 3059 1195 3087 non
1217 3044 1295 3086 ob-

360 3101 485 3141 stante
499 3099 792 3155 supplicatione
803 3104 982 3159 porrecta
994 3102 1017 3145 ὲ
1029 3102 1212 3146 Parocho
1222 3128 1236 3148 2
1250 3106 1293 3145 &

358 3158 666 3203 communitate
687 3160 820 3202 eidem
837 3161 1029 3207 vicario,
1052 3174 1101 3202 ne
1124 3159 1292 3217 permit-

353 3227 459 3256 teret
483 3213 554 3256 sub
579 3230 697 3271 poena
721 3218 921 3260 nullitatis
946 3246 959 3266 ,
991 3222 1032 3261 &
1055 3218 1292 3260 Attentato-

354 3285 441 3313 rum
471 3271 983 3323 fundationem-ommni,
1008 3276 1202 3330 quoniam
1223 3288 1292 3317 to-

353 3329 449 3370 talis
475 3331 666 3371 executio
691 3331 941 3374 fundationis
962 3333 1144 3374 oratorii
1160 3332 1290 3376 facta„

352 3388 377 3428 a
411 3387 528 3430 dictis
564 3386 752 3433 Patribus
775 3402 857 3433 non
880 3390 1013 3435 tendit
1040 3390 1082 3448 {n
1105 3401 1287 3444 contem:

1422 1132 1534 1183 juxta
1561 1132 1822 1175 Lancellot.de
1847 1137 2114 1187 sinent-part.
2134 1147 2168 1174 ι.
2193 1134 2235 1174 in
2252 1145 2352 1188 pne-

1407 1191 1497 1245 fat.
1509 1205 1613 1232 num.
1622 1203 1696 1243 42·
1706 1189 1755 1233 (θ’
1767 1201 1840 1240 44.
1853 1190 1969 1231 Card.
1989 1190 2036 1230 de
2047 1194 2149 1232 Luca
2160 1189 2206 1233 de
2217 1187 2352 1247 Judio.
2394 1231 2396 1233 ,

1419 1249 1514 1302 disc.
1534 1249 1599 1290 18..
1620 1263 1725 1290 num.
1741 1255 1807 1289 26.
1839 1249 1901 1291 Ac
1926 1247 2096 1302 proinde
2123 1263 2202 1290 non
2219 1248 2273 1290 est
2285 1249 2351 1290 lo·
2374 1271 2394 1300 5⁴

1417 1321 1488 1350 cus
1531 1306 1877 1362 impraesentiarum
1912 1306 2144 1362 purgationi
2176 1314 2351 1348 attenta-
2401 1307 2403 1310 '

1419 1364 1552 1408 torum
1567 1388 1581 1409 2
1623 1379 1714 1407 cum
1737 1365 1819 1405 haec
1841 1362 1970 1407 solum
1993 1364 2112 1406 detur
2135 1385 2151 1407 2
2186 1363 2258 1405 ubi
2282 1362 2350 1406 ad·
2399 1376 2403 1387 ³

1417 1423 1508 1466 sunt
1531 1425 1770 1468 Attentatas
1795 1435 1839 1464 ut
1864 1423 1985 1464 docet
2006 1421 2116 1464 idem
2138 1421 2348 1463 lancellot.
2388 1443 2389 1446 =

1415 1494 1504 1536 par.
1521 1495 1560 1533 3.
1574 1494 1657 1535 cap.
1669 1493 1739 1529 29.
1760 1494 1865 1522 num.
1878 1492 1948 1528 99.
2406 1485 2419 1513 ’ὅ

1493 1543 1706 1596 ¹(Qartum
1724 1538 1860 1595 deniq
1867 1551 1916 1579 ue
1929 1572 1933 1576 ,
1945 1536 2118 1580 dubium
2142 1537 2350 1580 resolven—
2398 1549 2408 1577 ,·

1396 1598 1519 1644 odum
1544 1600 1599 1640 est
1622 1611 1712 1639 cum
1737 1595 2016 1648 distinstionm
2048 1608 2119 1636 aut
2140 1595 2246 1636 enim
2270 1593 2351 1642 ali-
2406 1608 2418 1631 „³

1414 1655 1508 1715 quis
1535 1669 1586 1698 ex
1615 1654 1804 1697 Patribus
1826 1654 1926 1696 dicti
1950 1653 2128 1695 Oratorii
2153 1651 2346 1708 possidens
2409 1690 2412 1695 .

1415 1711 1658 1760 Beneficium
1681 1712 1723 1754 in
1735 1712 1931 1755 Parochia
1948 1708 2159 1757 adest‚seu
2185 1709 2349 1752 interest

1412 1772 1583 1816 Statutis
1611 1769 1694 1813 oris
1717 1769 1759 1811 in
1779 1771 1921 1812 Choro
1942 1768 2119 1820 ejusdem
2144 1766 2344 1810 Parochiae
2400 1807 2402 1811 ,

1407 1844 1488 1889 vpro
1510 1826 1786 1871 celebratione
1811 1827 2057 1870 Divinorum
2091 1822 2343 1872 officiorum,
2409 1838 2419 1858 v

1412 1887 1666 1933 &debentur
1689 1884 1728 1926 ei
1752 1884 2055 1928 distributiones
2079 1882 2344 1938 quotidiana,
2384 1924 2387 1927 Α
2415 1877 2419 1902 ³

1413 1946 1526 1998 juxta
1547 1943 1726 1987 sextum
1746 1945 1788 1986 in
1799 1955 1881 1997 cap.
1893 1944 2008 1985 Unic.
2019 1941 2065 1982 de
2077 1939 2214 1982 Cleric-
2225 1955 2341 1983 non..·
2403 1944 2415 1990 ,f

1405 2004 1523 2060 nfid.
1535 2003 1574 2042 in
1601 2006 1641 2041 6.
1659 2005 1837 2055 Fagnan.
1853 2001 1892 2040 in
1913 2014 1998 2057 cap.
2020 2003 2089 2039 ‘Dc
2099 2008 2230 2047 caefero
2251 1998 2341 2045 dg,
2396 2008 2398 2011 ’

1407 2061 1551 2103 Cleric.
1573 2074 1647 2100 non
1671 2059 1780 2112 resta.
1809 2073 1913 2100 num.
1944 2068 2009 2100 ιο.
2041 2056 2084 2099 si
2110 2055 2207 2099 verb
2230 2069 2341 2100 non-³

1409 2120 1561 2177 praestat
1596 2118 1636 2158 in
1673 2117 1826 2158 Choro
1847 2114 2078 2167 hujusmodi
2111 2113 2344 2169 Interess'en·

1407 2178 1510 2220 tiam
1532 2175 1696 2218 Divinis
1711 2172 1888 2220 officiis,
1919 2171 2222 2216 distributiones
2235 2184 2343 2227 quo·
2408 2175 2409 2179 ’

1409 2235 1584 2279 tidianas
1618 2233 1780 2288 exigere
1814 2246 1893 2274 non
1930 2230 2060 2288 potest
2084 2257 2098 2277 a
2139 2230 2230 2271 cum
2263 2228 2341 2271 istoe

1407 2293 1513 2336 nihil
1536 2304 1747 2333 commune
1769 2290 1944 2332 habeant
1958 2302 2049 2330 cum
2073 2300 2240 2342 corpote
2263 2286 2340 2326 Bc·
2403 2319 2406 2328 .

1407 2349 1569 2395 melicii,
1601 2345 1669 2390 sed
1692 2348 1837 2390 dentur
1859 2347 2015 2389 ratione
2039 2344 2220 2391 servitii,
2243 2343 2340 2391 &in
2401 2370 2405 2378 ι

1407 2404 1705 2461 recompensam
1741 2403 2031 2446 sollicitudinis
2064 2401 2340 2446 Divinorum,
2396 2439 2399 2455 ἵ,

1406 2463 1676 2508 officiorum,
1689 2476 1733 2505 ut
1747 2473 1862 2506 notat
1881 2460 1996 2507 idem
2011 2462 2189 2516 Fagnan-
2201 2461 2240 2501 in
2253 2472 2339 2515 cap.
2394 2493 2397 2502 η,
2413 2490 2415 2494 ⁴

1406 2522 1560 2568 Gravis
1580 2522 1631 2564 de
1653 2520 1782 2565 restit.
1791 2518 1954 2575 spoliat.
1969 2531 2081 2562 Vnum.
2096 2517 2181 2572 78„
2200 2559 2206 2563 .

2161 3443 2210 3484 R.
2225 3444 2269 3484 P.
2284 3443 2338 3485 D.
