2424 3692
390 288 470 348 68
742 284 1229 348 Commentaria
1274 285 1359 349 ad
1401 275 1677 372 singulos
1721 288 2034 351 Canones‘

385 402 710 451 confiderabilis,
733 404 823 446 cum
847 401 933 452 ejus
957 398 1166 446 consensus
1187 403 1234 447 sit
1257 418 1320 447 re-

383 460 553 516 quisitus
576 463 730 503 ratione
754 458 975 517 praejudicii
998 457 1225 504 resultantis
1249 464 1320 505 itu

387 521 669 561 emolumentis
697 520 979 566 oblationum,
1005 520 1319 564 &eleemosma-

383 591 498 625 rum,
529 581 684 619 ratione
709 575 1078 629 Anniversatiotum
1093 604 1107 625 ,
1131 577 1319 621 &Missa-

386 650 472 677 rum
488 661 502 682 ,
525 633 783 690 aliorumque
819 635 1066 678 Divinorum
1081 664 1093 675 .
1124 638 1247 678 Card.
1270 639 1316 676 de

382 696 485 733 Luca
509 691 555 731 de
577 694 771 747 ‘Regulam
799 691 886 745 ὀψε.
903 701 971 741 29.
999 707 1104 736 num.
1124 704 1189 745 14.
1212 696 1249 736 V
1250 707 1315 735 en-

380 751 488 804 trigl.
514 751 555 790 in
571 763 692 806 prax.
714 760 844 792 annot.
865 751 928 792 18.
948 765 1054 793 num.
1084 763 1122 801 ς.
1149 755 1186 798 S.
1211 755 1311 794 univ.

379 808 470 850 Nec
481 822 561 851 non
583 808 824 865 oppositioni
842 809 963 852 etiam
982 811 1123 867 populi
1136 809 1312 861 ejusdem

380 866 700 909 communitatis
723 893 738 914 ,
765 863 877 916 cujus
900 866 1109 910 consensus
1139 870 1314 925 requiri-

380 932 447 967 tur
461 925 502 966 in
513 925 711 968 erectione
734 938 846 967 novae
859 925 1039 968 Ecclefiae
1052 926 1315 983 Regularium

379 981 491 1032 juxta
502 983 624 1024 Card.
637 982 683 1024 de
696 985 799 1023 Luca
814 982 879 1023 ubi
876 984 1002 1038 supra
1014 997 1119 1025 num.
1129 996 1145 1024 1
1155 995 1194 1033 ς.
1226 1028 1230 1030 ,

433 1042 532 1084 ‘Non
548 1041 705 1087 obstat,
727 1038 844 1096 quod
868 1042 1012 1084 Rector
1034 1053 1128 1083 tunc
1151 1054 1310 1098 tempo·-

378 1099 458 1146 ris,
473 1103 512 1141 &
538 1099 820 1141 communitas
842 1098 1004 1154 praefata
1027 1098 1139 1141 suum
1163 1098 1311 1155 praesti-

377 1159 498 1200 terint
520 1155 748 1198 consensum
770 1158 811 1199 in
836 1156 1068 1200 fundatione
1089 1157 1185 1200 disti
1207 1161 1311 1201 Ora-

376 1217 502 1261 torii,
532 1218 628 1271 quia
658 1210 804 1257 Rettor
828 1214 1023 1258 consentit
1044 1228 1135 1258 cum
1165 1217 1310 1259 condi-

377 1275 489 1316 tione
501 1273 634 1315 Salvis
641 1271 804 1330 {furibus
817 1274 1169 1320 Parochialibun&
1178 1275 1309 1317 Com-

375 1333 550 1373 munitas
572 1344 663 1373 cum
688 1331 831 1384 padio,
850 1336 904 1375 ’δε
927 1330 1178 1380 conditione,
1191 1332 1306 1390 quod

374 1390 576 1432 Fundator
612 1387 858 1434 subscribere
890 1390 1059 1434 deberet
1087 1401 1151 1433 tot
1178 1391 1307 1448 Capi-

377 1448 491 1491 tula·
1255 1502 1259 1505 ξ

434 1507 537 1562 Qae
558 1506 815 1550 conditiones
845 1505 936 1549 ci1m
960 1521 1039 1550 non
1072 1506 1147 1550 fint
1167 1505 1306 1563 purifi-

373 1575 497 1611 catae,
526 1564 623 1606 dum
647 1578 718 1621 per
739 1565 1017 1608 fundationem
1036 1566 1134 1608 dieti
1155 1565 1306 1607 Orato-

372 1624 423 1664 rii
445 1636 526 1664 non
548 1621 751 1665 salvantur
763 1622 869 1676 jura
891 1624 1166 1670 Parochialia‚
1196 1623 1306 1666 neci

373 1680 603 1723 Fundatore
633 1680 796 1724 fuerunt
819 1680 1038 1739 subscripta
1060 1693 1307 1725 memorata„

368 1740 594 1794 Capitula‚
618 1735 821 1795 sequitur,
843 1739 958 1797 quod
979 1753 1119 1783 eorum
1139 1739 1307 1783 consen-

372 1795 435 1839 sus
454 1797 675 1844 habeatur,
698 1810 745 1838 ac
766 1797 793 1839 fi
816 1811 896 1841 non
908 1794 1017 1840 effet-

428 1853 644 1910 Minusque
667 1852 791 1896 officit
813 1854 1021 1898 consensus
1044 1855 1232 1911 praestitus
1252 1855 1308 1897 ab

369 1910 593 1968 Episcopoj,
623 1913 720 1968 quia
741 1914 1022 1956 Oratotiorum
1047 1915 1200 1956 ercetio
1224 1927 1307 1955 nou

371 1971 497 2012 debet
521 1970 574 2012 ab
598 1967 802 2027 Episcopis
825 1971 878 2013 de
908 1969 1021 2014 facili
1051 1973 1228 2027 permitti
1250 1971 1308 2013 ob

370 2028 518 2071 damna
550 2026 773 2084 spiritualia
796 2055 810 2076 ,
835 2039 929 2082 'quae
962 2033 1153 2073 eveniunt
1183 2031 1312 2084 Paro-¹

369 2087 526 2129 chianis
540 2113 554 2134 ,
578 2097 624 2128 ut
647 2086 770 2142 docet
789 2088 988 2129 Monacel.
1000 2087 1040 2127 in
1050 2089 1216 2130 Formul.
1215 2089 1306 2140 for.

369 2143 583 2198 Ecclesiafi.
597 2143 662 2185 tit.
680 2156 746 2198 13.
759 2156 952 2195 num.42.
974 2158 1048 2187 nec
1067 2148 1198 2200 potest
1210 2145 1306 2201 Epi-

312 2202 515 2271 3gscopus
567 2203 774 2245 licentiam
814 2203 1037 2245 concedere
1085 2202 1306 2246 asservandi

371 2258 590 2306 continuo,
603 2264 642 2302 &
656 2273 931 2316 permanenter
944 2263 984 2302 in
1007 2263 1205 2315 Oratoriis
1226 2274 1307 2305 non

370 2320 519 2362 curatis
560 2317 846 2360 Sanetiffimum
888 2318 1186 2362 Sacramentum
1233 2336 1308 2377 pro

370 2377 625 2420 Adoratione
649 2375 879 2423 Fidelium,
894 2375 983 2418 cum
1008 2377 1060 2419 ad
1084 2377 1161 2420 hoc
1173 2382 1307 2435 requi-

370 2448 482 2477 ratur
515 2435 681 2477 licentia
712 2436 825 2490 Papae
853 2433 967 2485 juxta
1002 2438 1196 2491 Ventrigl.
1222 2438 1305 2478 in..-

361 2506 491 2548 prax.
508 2501 645 2534 annot.
663 2499 729 2540 19.
744 2495 782 2538 §-
796 2492 993 2546 unic-par.
1009 2504 1049 2531 2.
1064 2493 1245 2542 num.18.

428 2551 578 2605 Qoad
601 2548 816 2591 secundum
829 2550 999 2593 dubium
1013 2549 1202 2606 negative
1225 2551 1304 2605 res-

314 2636 337 2676 3
346 2609 632 2678 9pondendum
656 2607 840 2650 videtur:
873 2608 1077 2665 Qoniam
1091 2611 1304 2653 Oratoria,

368 2666 535 2720 publica
563 2665 851 2721 Regularium,
883 2666 950 2707 seu
974 2666 1304 2723 Religiosorutru

369 2723 462 2765 ciim
484 2723 558 2766 fint
573 2723 810 2765 eorumdem
835 2721 1006 2776 Ecclefig
1030 2749 1044 2769 ,
1069 2738 1149 2766 non
1173 2726 1305 2778 potest

368 2783 553 2824 Vicarius
577 2782 787 2823 Generalis
820 2780 1026 2823 licentiam
1060 2782 1306 2825 concederes

369 2840 441 2882 illa
464 2839 647 2895 erigendi
667 2839 864 2893 Ventrzgl.
888 2840 929 2880 in
935 2849 1061 2893 prax.
1084 2848 1216 2880 annot.
1236 2840 1302 2880 18.

368 2912 475 2938 num.
490 2910 510 2935 2
522 2910 560 2938 2.
583 2897 622 2939 §.
635 2898 687 2937 In
698 2896 758 2936 his
770 2896 956 2937 terminis.
981 2894 1130 2939 Niccol.
1144 2897 1301 2949 resolut.

369 2955 550 2996 Canonic.
571 2954 636 2995 lib.
654 2969 689 2995 1.
703 2953 767 2994 tit.
784 2954 856 2993 28.
876 2955 925 2995 de
937 2955 1070 2996 Vicar.
1083 2955 1300 3008 Capitular.

370 3025 476 3052 num.
507 3024 576 3052 22.
607 3009 664 3054 Ea
687 3012 844 3054 ratione
865 3035 880 3056 2
911 3013 1009 3068 quia
1032 3011 1205 3056 facultas
1225 3013 1305 3054 eri·-

368 3069 492 3123 gendi
525 3083 651 3112 novas
685 3068 878 3112 Ecclefias
916 3069 1213 3124 Religiosotum
1249 3069 1306 3110 ob

369 3127 426 3167 rei
450 3128 690 3180 gravitatem
711 3127 764 3168 de
777 3129 936 3180 Iure‚&
957 3124 1180 3182 specialiter
1193 3140 1305 3169 com-

369 3182 476 3224 mista
500 3182 695 3238 Episcopo
717 3183 832 3233 juxta
848 3184 973 3228 Text.
988 3186 1028 3225 in
1040 3185 1307 3246 cap-Qdam

369 3253 453 3293 cap.
466 3240 511 3279 de
523 3243 578 3282 M
581 3241 713 3282 (mach.
725 3240 774 3282 &⁴
784 3254 866 3294 cap.
880 3242 1049 3283 Cellulas
1066 3254 1081 3280 1
1091 3243 1116 3282 8
1120 3241 1306 3299 ,qudi-2.

370 3298 575 3352 Adeoque
599 3300 638 3339 in
659 3301 838 3352 generali
859 3299 1128 3342 commiffione
1155 3300 1306 3342 Vicarii

369 3369 450 3397 non
474 3356 584 3398 venit
612 3353 839 3403 hujusmodi
863 3356 1064 3409 facultas,
1089 3371 1171 3412 que
1194 3369 1304 3408 cert?

366 3409 555 3471 persone,
579 3412 646 3457 vel
671 3412 864 3467 dignitati
887 3412 910 3457 a
925 3413 1030 3469 Jure
1050 3414 1105 3458 est
1122 3412 1306 3470 specialig

1362 1693 1421 1733 40
1480 1683 1555 1724 His
1578 1693 1713 1724 tamen
1737 1696 1817 1725 non
1842 1683 2092 1726 obstantibus
2112 1686 2360 1728 contrarium

1440 417 1502 448 ter
1523 405 1725 450 commista
1747 408 1834 462 Leg.
1852 416 1887 448 1.
1904 404 1959 462 ff.
1980 407 2030 448 de
2055 406 2156 462 Offle.
2183 411 2288 463 ejus,
2310 413 2367 452 eui
2403 416 2419 464 sf³

1438 465 1663 508 Mandat.
1686 462 1736 508 (θ’
1753 463 1961 521 ‘Jurg'fdiffl
1988 465 2255 525 &capaade
2266 466 2365 521 Offlc.
2387 473 2392 503 .’

1434 525 1472 565 V
1474 523 1572 564 icar.
1601 522 1669 565 lib.
1696 528 1739 564 6.
2419 551 2422 554 ⁴

1491 581 1620 623 Tertii
1643 581 1763 623 dubii
1792 579 1986 624 resolutio
2014 579 2248 627 affirmativa
2272 580 2367 627 effe)
2382 580 2389 597 ²

1434 638 1611 681 videtur.
1643 641 1802 681 Etenim
1815 639 2013 693 pendente
2036 640 2192 684 recursu
2204 654 2275 697 per
2288 643 2366 684 Re·
2386 685 2390 689 ,

1430 696 1583 739 ctorem
1607 722 1621 743 ,
1655 700 1695 740 δε
1731 696 2080 740 Communitatem
2115 700 2366 755 praedistamo

1430 764 1523 796 ante
1534 756 1739 797 Vicarium
1753 756 1992 798 Genetalem
2008 782 2022 803 ,
2047 770 2095 799 ne
2119 759 2366 813 permitteret

1429 809 1503 853 sub
1516 825 1623 867 paena
1636 813 1889 861 nullitatis,&
1904 825 2191 857 attentaturum
2207 819 2365 858 Pattum
2386 839 2388 843 f

1429 869 1564 913 Sanni
1587 871 1763 928 Philippi
1791 870 1908 914 Nerii
1929 870 2202 916 fundationem
2217 875 2365 916 Orato-

1431 927 1482 968 rii
1503 954 1517 975 ,
1545 927 1699 984 praefati
1731 929 1809 970 1³1³.
1831 930 2086 973 deveniendo
2113 933 2166 974 ad
2190 932 2365 974 dictam,

1427 983 1710 1028 fundationem
1729 986 1915 1031 dicuntur
1935 987 2139 1032 attentasse
2151 1017 2166 1037 ,
2177 991 2364 1046 adeoque

1428 1043 1499 1098 ipfi
1523 1056 1710 1088 tenentur
1726 1069 1740 1091 ,
1775 1047 1815 1086 &
1844 1047 2017 1102 obligati
2042 1045 2130 1090 sunt
2151 1050 2204 1091 ad
2228 1046 2364 1098 hujus-

1428 1101 1545 1144 modi
1571 1101 1876 1145 Attentatotum
1899 1101 2178 1161 purgationem
2202 1129 2216 1150 2
2257 1108 2363 1146 Lan-
2387 1132 2389 1134 -

1424 1159 1574 1201 cellon.
1595 1162 1642 1202 de
1657 1165 1856 1202 Attentat.
1874 1175 1966 1217 par.
1983 1179 2022 1217 3.
2046 1178 2131 1219 cap.
2147 1175 2216 1212 29.
2239 1176 2278 1204 n.
2293 1175 2362 1211 99.
2386 1191 2387 1194 =

1488 1218 1647 1276 Qarto
1666 1220 1843 1273 denique
1856 1220 1984 1262 dubio
2007 1220 2195 1277 negative
2208 1218 2364 1276 respon-
2388 1270 2389 1275 ¹

1425 1275 1606 1318 dendum
1618 1277 1689 1319 est.
1714 1275 1821 1318 Cum
1846 1279 1950 1319 enim
1974 1278 2272 1321 distributiones
2284 1293 2363 1320 non
2385 1281 2388 1319 ζ

1424 1333 1627 1376 debentur
1648 1359 1662 1379 2
1696 1332 1765 1376 nifi
1799 1335 2120 1378 Intereffentibus
2153 1338 2193 1379 in
2218 1336 2362 1378 Charo

1425 1389 1591 1434 Divinis
1622 1389 1778 1434 Officiis
1798 1407 1878 1435 non
1910 1393 2064 1448 possunt
2087 1397 2166 1444 PP-
2189 1395 2362 1449 praediffi
2387 1433 2390 1436 ,

1424 1450 1602 1492 oratorii
1633 1450 1687 1492 ad
1719 1451 1835 1502 hujus
1867 1451 2018 1494 bonum
2056 1446 2252 1508 Regimen
2273 1479 2287 1499 ,
2319 1457 2375 1505 &¹

1421 1506 1808 1551 administrationem
1852 1510 2127 1551 incumbentes
2178 1513 2363 1565 exigere,
2393 1517 2395 1522 ’

1420 1563 1724 1608 distributiones
1746 1566 1906 1609 debitas
1937 1567 2267 1610 Intereffentibus
2291 1571 2362 1610 in)
2422 1591 2424 1616 ς

1421 1621 1570 1666 Choro
1595 1625 1825 1666 Parochiae.
2393 1627 2395 1630 ’
2422 1630 2424 1634 ’

1422 1740 1555 1783 verius
1575 1738 1626 1781 de
1648 1741 1742 1796 Jure
1767 1740 1932 1785 censeo;
1965 1744 2134 1795 primum
2162 1756 2358 1799 namque.»

1421 1798 1594 1840 dubium
1624 1796 1860 1841 affirmative
1894 1797 2174 1842 resolvendum
2195 1799 2270 1842 effe
2294 1815 2360 1843 ar·
2388 1830 2397 1850 s

1425 1856 1555 1898 bitror
1577 1882 1591 1902 ,
1622 1858 1816 1912 quoniam
1848 1853 2079 1905 hujusmodi
2098 1860 2360 1900 oratorium)
2388 1886 2391 1911 ς

1424 1914 1660 1970 publicum,
1690 1912 1756 1955 seu
1789 1912 1961 1956 Ecclesia
1993 1917 2069 1957 PP-
2099 1916 2232 1958 Sansti
2262 1918 2360 1959 Phi·
2391 1959 2393 1961 ,

1426 1973 1526 2028 lippi
1558 1970 1676 2013 Nerii
1700 1972 1872 2013 erestum
1894 1969 1973 2014 fuit
1989 1999 2004 2020 ,
2035 1977 2074 2016 &
2099 1972 2308 2016 fundatum
2335 1974 2359 2015 a
2389 2019 2392 2031 i

1423 2031 1608 2072 Martino
1638 2029 1827 2071 Ballester
1856 2032 1960 2073 iutra
1998 2032 2147 2074 limites
2177 2030 2359 2074 Ecclefiae

1426 2086 1674 2130 parochialis
1696 2088 1748 2128 de
1769 2086 1958 2130 consensu
1978 2087 2181 2144 Episcopi,
2213 2088 2359 2131 Resto-
2392 2143 2394 2146 y

1424 2146 1506 2191 ris,
1533 2158 1610 2199 nec
1633 2158 1712 2186 non
1731 2145 2076 2193 Communitatis,
2101 2151 2140 2190 &
2156 2150 2357 2203 Protegis,

1458 2216 1599 2244 uorum
1635 2202 1814 2247 omnium
1849 2204 2134 2246 interveniente
2169 2202 2357 2246 consensu
2392 2210 2399 2235 ὲ

1422 2217 1614 2303 ,2111113110
1645 2284 1660 2305 ,
1702 2259 1770 2302 seu
1801 2260 1952 2302 ereffio
1983 2262 2144 2316 praefata
2176 2264 2355 2304 Oratorii
2393 2279 2397 2319 j

1425 2316 1578 2373 absque
1619 2317 1749 2359 dubio
1788 2316 2039 2360 substinenda
2083 2322 2194 2362 venit
2220 2321 2356 2371 juxta,
2379 2339 2391 2347 ⁷·

1425 2378 1552 2418 Text.
1566 2376 1607 2417 iu
1616 2389 1697 2430 cap.
1715 2374 1966 2427 Aufloritate
1987 2379 2037 2417 de
2057 2378 2248 2432 Privileg.
2260 2380 2300 2421 in
2315 2382 2354 2419 6.
2388 2398 2389 2401 ¹

1421 2434 1553 2489 ibique
1574 2432 1692 2488 'quffi
1723 2434 1835 2475 verb.
1868 2435 2053 2475 Oratoria
2083 2461 2097 2481 ,
2138 2436 2355 2477 Geminian.
2386 2435 2387 2438 ’

1420 2506 1528 2532 num.
1536 2502 1573 2532 2.
1587 2490 1825 2531 Lambertin.
1837 2491 1883 2530 de
1890 2489 2091 2547 Jurepatr.
2104 2491 2193 2533 liba
2202 2523 2213 2533 .
2220 2505 2309 2546 par.
2318 2505 2352 2532 1.

1423 2547 1551 2606 quaest.
1571 2560 1587 2587 1
1601 2557 1725 2591 hart.
1745 2561 1810 2590 12.
1828 2563 1934 2590 num.
1950 2564 1987 2589 2.
2001 2553 2175 2592 Lezzan.
2193 2550 2235 2591 in
2247 2553 2356 2592 Sum-

1422 2623 1490 2650 ma
1514 2615 1604 2647 tom.
1617 2616 1657 2656 4.
1689 2605 1928 2659 consula45.
1961 2620 2064 2648 num.
2086 2620 2180 2660 141.
2211 2613 2253 2651 &
2277 2606 2355 2650 fuit
2379 2647 2384 2652 .

1422 2663 1647 2708 resolutum
1669 2661 1694 2704 ὲ
1723 2666 1846 2706 Sacra
1877 2665 2175 2718 congregacione
2196 2666 2356 2709 concilii

1420 2725 1466 2765 in
1483 2721 1705 2775 Pqsnanien.
1730 2724 1958 2776 aperitionis
1989 2724 2165 2765 Orator-ii
2194 2728 2262 2764 16.·
2282 2729 2356 2767 Fe-

1421 2780 1576 2821 bruarii
1597 2775 1721 2828 1704.
1746 2777 1794 2819 ᾤ’
1812 2792 1876 2827 19.
1900 2774 2045 2833 Aprilis
2072 2792 2195 2832 1704.
2215 2780 2356 2823 &in-,2

1422 2835 1662 2880 Porolt'vien.
1694 2835 1900 2889 *maionis
1934 2837 2103 2893 Ecclestae
2144 2843 2209 2880 16.
2242 2837 2358 2897 Junii
2390 2842 2402 2880 ἵ.

1430 2901 1557 2946 1694-
1812 2934 1824 2945 .
2294 2934 2297 2938 .
2386 2897 2403 2950 ξς

1481 2954 1612 2996 Immo
1636 2954 1756 2995 etiam
1779 2953 1806 2996 fi
1828 2955 2060 2996 oratorium
2084 2969 2164 2998 non
2189 2953 2355 2997 fuiffeta

1420 3010 1585 3067 praefato
1609 3011 1799 3053 Ballester
1821 3009 1974 3054 finitum
1990 3025 2149 3058 ,tamen
2173 3014 2267 3066 quia
2282 3012 2359 3053 fuit

1422 3079 1603 3124 coeptum
1633 3069 1686 3112 ab
1720 3069 1806 3122 ipso
1836 3084 1927 3111 cum
1950 3068 2114 3114 licentia
2144 3070 2358 3125 Episcopi,

1424 3138 1585 3182 poterat
1612 3125 1742 3169 finiri,
1773 3131 1812 3169 &
1833 3126 1988 3170 finitum
2006 3130 2172 3183 augeri,
2200 3126 2266 3179 seu
2290 3133 2362 3168 'ex—
2387 3126 2401 3174 ὲ

1424 3184 1536 3226 tendi
1560 3182 1714 3238 absque
1728 3186 1809 3227 alia
1832 3184 2079 3232 licentia,ut
2093 3186 2242 3227 docent
2254 3188 2360 3227 Ven-
2388 3175 2401 3227 ,ῗςζ

1423 3242 1530 3296 trtgl.
1541 3241 1581 3280 in
1589 3253 1714 3294 prax.
1729 3246 1874 3283 Annot.
1894 3242 1958 3281 18.
1973 3257 2078 3284 num.
2094 3255 2162 3293 24·-

1483 3299 1862 3342 Animadvertendo
1888 3300 2118 3355 praesertim,
2141 3300 2254 3356 quod
2273 3300 2361 3341 fun-

1425 3355 1539 3398 datio
1552 3355 1782 3405 hujusmodi
1795 3359 1972 3399 Oratotii
1996 3359 2194 3401 redundat
2215 3358 2266 3399 ad
2281 3373 2364 3398 ma-
2382 3363 2395 3382 ‘³

1420 3410 1551 3464 jorem
1577 3415 1657 3458 Dei
1688 3416 1863 3471 gloriam
1896 3414 2026 3459 Sanffl
2052 3416 2226 3470 Philippi
2252 3416 2365 3457 Nerii

2276 3474 2364 3514 iau-
