2424 3692
307 412 952 462 ARGUMENTUM.
1023 408 1031 416 ⁶

171 559 243 607 De
275 553 495 620 requisitis
525 553 768 603 necessariis
797 552 854 602 ad
882 554 1000 613 hoc,
1039 566 1088 601 ut

235 624 428 674 Ecclesia
446 639 650 674 teneatur
659 624 863 693 praestare
879 626 1090 675 Alimen-

234 711 280 745 ta
309 701 535 747 Patrono.

335 823 939 896 SU‘MMARIUM.

223 958 243 988 ι
277 941 439 995 Εεσὶςβα
462 940 519 982 ad
539 942 630 986 hoc,
650 952 695 984 ut
717 950 898 984 teneatur
913 937 1090 993 praestare

277 999 476 1042 Alimenta
487 1002 687 1047 Patrone,
705 1013 790 1056 que
810 1000 1092 1054 requirantur?

221 1070 242 1101 2
274 1059 445 1100 Patrono
464 1056 521 1097 ad
541 1057 710 1112 inopiam
730 1070 783 1101 ex
797 1057 955 1112 propria
978 1055 1089 1109 culpa

277 1115 436 1157 redac‘lo
447 1137 462 1158 2
482 1125 556 1157 aut
577 1115 737 1157 babenti
756 1114 914 1156 aliunde
927 1112 1087 1156 vivere,

276 1187 350 1214 non
371 1172 559 1214 debentur
579 1174 779 1215 Alimenta
799 1172 849 1212 ab
871 1170 1028 1224 Ecclesia
1041 1201 1054 1212 .

219 1244 241 1284 3
276 1232 446 1272 Patrono
463 1231 589 1286 Egeno
626 1232 682 1272 ad
707 1230 880 1288 petenda
911 1227 1084 1271 Alimen-

270 1297 318 1329 ta
340 1302 425 1344 qua
447 1288 549 1328 allio
569 1301 644 1328 non
666 1295 886 1345 competat?

216 1356 246 1396 4
277 1344 471 1389 Alimenta
494 1346 560 1387 ubi
573 1344 887 1400 praestandafint
898 1343 1086 1387 Patrono?

457 1459 752 1507 elisus
810 1460 846 1507 1.

277 1578 380 1622 Itius
401 1579 598 1623 Patronus
622 1575 802 1621 Ecclesiae
813 1576 867 1620 Α.
879 1590 971 1620 cum
984 1589 1083 1620 con·

316 1635 502 1680 sumsisset
549 1649 683 1681 totum
725 1634 838 1678 suum
885 1636 1084 1678 Patrimo-

152 1755 259 1820 piam
281 1766 293 1795 3
316 1756 356 1795 &
381 1752 479 1796 licet
500 1752 667 1795 haberet
691 1750 852 1794 fratrem
877 1752 1084 1800 Divitem,

152 1825 178 1853 a
200 1825 285 1868 quo
307 1812 361 1852 ali
383 1822 566 1864 poterat3
597 1822 732 1853 tamen
755 1811 874 1866 petiit
899 1808 924 1849 i
954 1809 1084 1853 dieta,

153 1866 327 1909 Ecclesia
350 1868 557 1911 Alimenta
580 1898 590 1910 .
622 1869 847 1925 Qaeritur2
870 1881 920 1910 an
941 1868 1083 1924 praedi-

0 1935 11 1986 ξ,
152 1926 213 1967 &a
245 1924 417 1968 Ecclesia
447 1937 627 1970 teneatur
648 1925 825 1981 praestare
849 1925 1082 1968 Alimenta,

6 1994 10 2020 ι
151 1984 263 2026 Titio
279 1986 298 2026 ἓ

207 2042 259 2083 Et
282 2037 542 2095 respondetur
562 2041 772 2099 negativess
796 2041 894 2097 quia
917 2041 969 2083 ad
983 2039 1078 2090 hoe,

148 2109 195 2140 ut
232 2097 402 2141 Ecclesia
436 2111 619 2142 teneatur
645 2101 820 2158 praestare
843 2098 1076 2144 Alimenta...

146 2158 322 2200 Patrono
347 2157 464 2213 plura
491 2159 774 2214 requiruntur.

0 2250 3 2312 ῑ
96 2243 115 2272 ¹
149 2212 1075 2327 senpiss‘ffifi‘i'ssii‘{e‘iissi‘iss‘issssissiff9⁶⁰5&

923 2299 936 2318 5

0 2318 2 2339 ³
147 2327 298 2373 scilicet
309 2327 494 2386 supersint
506 2329 668 2378 fruetus,
681 2330 865 2376 deduffis
879 2289 1073 2375 omnqibus

144 2384 363 2430 neceffariis
397 2387 476 2431 tim
501 2403 574 2445 pro
594 2387 793 2432 Beneficio
813 2416 828 2437 ‚
852 2389 973 2445 quam
998 2405 1072 2447 pro

142 2442 385 2488 Beneficiato
407 2446 521 2504 ΘΜ]
534 2448 575 2487 in
596 2447 661 2487 hoc
678 2458 759 2502 cap.
776 2448 1071 2508 ,chmqucd

143 2505 180 2544 V
182 2501 260 2543 erb.
271 2503 358 2547 «Ad
376 2502 546 2558 inopiam
557 2533 570 2547 .
594 2504 692 2548 Ahb.
705 2507 746 2547 in
755 2518 836 2560 cap.
847 2505 971 2548 Nobis
983 2507 1070 2551 de,

137 2556 343 2617 Jurepatr.
358 2575 462 2604 num.
478 2566 518 2607 6.
541 2561 782 2605 Lambertin.
805 2563 930 2605 eodem
943 2565 1068 2607 traci.

141 2617 210 2658 lib.
224 2631 264 2673 3.
279 2617 413 2674 quasi.
428 2629 564 2672 3.art.
578 2633 618 2661 a.
643 2624 788 2663 Lotter.
814 2627 876 2666 De
887 2637 931 2664 re
941 2624 1069 2662 ‘Bene-

123 2673 197 2730 fic.
208 2674 274 2717 lib.
291 2691 331 2719 a.
342 2675 468 2734 quast.
486 2688 525 2727 ς.
539 2691 645 2720 num.
664 2678 729 2721 18.
752 2679 940 2722 Gratian.
951 2680 1070 2735 dfif-

131 2743 191 2787 pt.
214 2744 513 2782 552.num.11.
649 2784 651 2786 ‚
756 2783 760 2786 ,

196 2791 380 2835 Secundo
403 2818 417 2840 ‚
438 2792 556 2850 quod
585 2796 780 2839 Patronus
801 2788 995 2839 ‘redactus
1020 2796 1068 2839 fit

139 2848 190 2890 ad
225 2861 411 2906 magnam
442 2864 718 2909 paupertatem
743 2881 757 2902 ,
788 2858 828 2898 δε
867 2855 1067 2910 quidem.)

140 2903 295 2964 absque
316 2912 472 2966 propria
495 2911 638 2965 culpa;
659 2913 756 2968 quia
779 2906 934 2967 egestas
950 2925 1067 2968 ,quae

138 2967 394 3020 proponitur,
422 2968 474 3010 ad
503 2968 767 3012 instruendam
789 2971 1018 3012 astionem-2
1050 2995 1066 3017 ,

140 3021 240 3064 itaut
264 3025 380 3066 alteri
403 3037 548 3068 noceat
572 3052 586 3073 ‚
611 3025 919 3084 debetprobari
942 3041 1065 3069 cum)

139 3076 214 3119 hac
235 3082 523 3125 circumstantia
547 3109 561 3131 ‚
583 3085 696 3139 quod
720 3087 936 3142 contigerit
963 3085 1064 3129 sine)

138 3136 280 3193 culpa,
303 3140 508 3196 indignum
531 3142 587 3183 est
611 3144 715 3185 enim
748 3145 786 3185 ei
812 3142 1011 3186 subveniri
1035 3143 1062 3187 si

138 3192 258 3259 culp-i
280 3193 345 3237 sua
366 3211 482 3255 eget.
512 3198 623 3257 quffi
634 3202 676 3241 in
698 3212 779 3255 cap.
801 3202 901 3260 Qae
924 3200 1062 3242 in.Ec-

135 3251 358 3302 cleszarum.
389 3259 424 3297 V
427 3256 509 3297 erb.
534 3259 620 3299 «ΛΑ
642 3258 807 3312 inopiam
837 3262 882 3297 de
904 3257 1058 3310 Corfiit.

135 3310 381 3352 lambertin.
402 3314 468 3355 ubi
478 3316 605 3368 supra
628 3324 712 3357 art.
727 3329 767 3369 3.
802 3320 947 3359 Lotter.
974 3318 1056 3357 itt„

131 3365 241 3408 duaa
264 3365 390 3424 quest.
409 3379 564 3418 smum.
579 3385 654 3426 33.
680 3376 793 3422 ‘Rota
815 3374 926 3429 decis.
957 3379 1055 3427 594.

222 3427 390 3469 -ἸαηΙ,

371 237 469 298 De
494 229 1056 322 «Jurepatronatus.
1104 235 1249 298 Pars
1277 226 1320 298 Ι.
1360 239 1514 303 Can.
1544 238 1647 299 Ill.
1680 235 1822 306 Cas?
1844 239 1884 301 1.

154 1699 265 1739 nium
278 1721 292 1744 ‚
305 1694 464 1751 propria
476 1693 596 1750 culpi
618 1693 801 1737 redactus
823 1690 900 1736 fuit
919 1693 972 1736 ad
995 1694 1088 1735 ino-

2084 259 2145 319 17

1213 369 1320 396 num.
1351 370 1389 397 2.
1420 355 1566 408 diveffi
1590 355 1704 410 Apud
1724 355 1928 399 Farinacc.
1957 354 2142 401 Gratian.

1211 413 1278 453 ubi
1288 414 1415 468 supra
1440 426 1573 455 numa
1588 425 1621 454 1.

1269 470 1435 518 Tertio,
1467 471 1581 527 quod
1607 486 1683 513 non
1709 471 2008 519 habeat-,unde
2033 475 2146 516 vive-

1209 542 1252 571 re
1275 529 1390 585 poffit
1412 530 1576 571 aliunde
1601 546 1610 570 ε
1638 530 1743 571 unde
1767 533 1968 578 patrono,
1994 533 2066 587 qui
2092 533 2148 575 est

1197 585 1405 629 Professus
1430 589 1468 628 in
1492 589 1634 643 aliqua
1659 589 1901 645 Religione‚
1926 592 1998 645 qui
2024 589 2147 632 habet

1209 641 1373 686 fratrem
1389 643 1571 688 Divitem
1587 671 1600 691 2
1614 648 1700 701 qui,
1716 644 1822 687 salvii
1841 646 2060 692 honestate,
2074 662 2147 703 po-

1211 702 1286 745 test
1306 701 1378 744 fibi
1403 703 1550 745 vietum
1575 716 1626 744 ex
1652 702 1840 745 industria
1858 718 2060 760 quaerere,
2076 708 2146 746 in.‚

1209 758 1302 802 casu
1325 761 1513 816 egestatis
1537 774 1616 802 non
1639 761 1840 803 debentur
1865 763 2070 805 Alimenta
2091 763 2144 805 ab

1209 818 1413 865 Ecclesia,
1437 816 1552 869 iuxta
1576 818 1816 859 Lambertin.
1846 822 1993 861 Lotter.
2025 823 2142 862 Grat.

1195 877 1321 931 supra
1332 879 1448 920 citat.
1470 879 1574 934 Ἶρι.
1596 875 1707 927 decis.
1726 887 1820 927 594.
1835 890 1942 918 num.
1948 892 1988 932 3.
1994 890 2085 934 par.
2099 893 2142 931 4.

1210 934 1405 990 diversor.
2134 937 2136 940 ’

1267 994 1428 1052 Qarto
1451 995 1672 1051 requiritur
1693 990 1904 1037 consensus
1928 990 2140 1050 Episcopi;

1207 1053 1354 1096 Restor
1376 1054 1480 1095 enim
1505 1052 1584 1095 fine
1595 1052 1783 1095 consensu
1799 1048 2010 1108 Episcopi,
2025 1051 2142 1107 spon-

1206 1123 1248 1153 te
1272 1108 1339 1153 sufi
1362 1125 1440 1154 non
1453 1112 1583 1167 potest
1596 1110 1805 1154 subvenire
1831 1113 2006 1152 Patrono
2018 1123 2142 1165 egen-

1201 1170 1321 1213 tisea
1341 1171 1523 1216 ratione,
1548 1171 1647 1225 quia
1671 1166 1888 1223 Episcopus
1912 1167 2038 1209 debet
2067 1180 2139 1208 co-

1201 1225 1419 1281 gnoscere,
1450 1240 1500 1269 an
1522 1226 1662 1269 revera
1691 1226 1790 1269 adsit
1815 1228 2031 1282 Paupertas
2062 1225 2139 1267 Pa·

1208 1286 1340 1332 troni,
1366 1299 1415 1328 ne
1437 1285 1557 1327 detur
1579 1285 1774 1327 collufio.
1807 1287 1987 1326 Innocen.
1999 1283 2040 1322 in
2052 1296 2136 1338 cap.

1206 1345 1327 1390 Cum,
1350 1342 1401 1386 ὁ
1418 1343 1599 1399 plantare
1622 1357 1728 1384 num.
1745 1358 1783 1384 2.
1797 1341 1842 1383 de
1855 1341 2003 1383 Privil.
2016 1341 2134 1382 Surd.

1204 1401 1252 1442 de
1266 1401 1450 1444 Aliment.
1463 1401 1529 1443 tit.
1546 1413 1585 1451 7.
1599 1399 1724 1457 quast.
1741 1411 1790 1451 32
1801 1430 1811 1441 .
1825 1413 1930 1442 num.
1947 1413 2015 1440 20.

1147 1475 1170 1505 2
1263 1462 1309 1503 In
1338 1458 1430 1502 casu
1459 1458 1630 1516 presenti
1655 1472 1666 1496 ε
1696 1459 1829 1501 Titius
1859 1458 1956 1500 licet
1989 1456 2154 1513 probet‘

1199 1518 1492 1561 concludenter
1525 1518 1742 1574 egestatem
1762 1540 1778 1561 2
1810 1514 1904 1559 licet
1927 1516 2046 1558 detur
2071 1511 2135 1557 su-

1200 1575 1477 1633 pereffluentia
1501 1577 1704 1620 redituum
1736 1572 1940 1619 Ecclesiam
1971 1586 2135 1616 tamem

1205 1637 1303 1691 quia
1326 1634 1507 1678 redactus
1529 1633 1584 1683 est
1606 1634 1659 1678 ad
1683 1634 1858 1689 inopiam
1883 1644 1934 1672 ex
1948 1635 2134 1688 propria,

1203 1694 1322 1749 culpa
1346 1720 1360 1740 ,
1385 1693 1424 1733 δι
1448 1693 1571 1736 habet
1595 1691 1701 1735 unde
1719 1690 1888 1733 aliunde
1913 1690 2025 1746 poffit
2048 1693 2131 1739 ali,

1203 1750 1420 1794 secundum
1451 1751 1707 1794 auctoritates
1737 1750 1934 1805 allegatas
1955 1762 2034 1790 non
2058 1751 2135 1792 de-

1202 1809 1349 1852 bentur
1379 1810 1439 1852 illi
1462 1809 1486 1852 a
1510 1809 1616 1852 dieta
1631 1806 1800 1851 Ecclesia
1821 1807 2052 1850 Alimenta
2085 1808 2132 1849 si-

1201 1869 1286 1910 cuti
1318 1868 1505 1912 Libertus
1535 1882 1614 1910 non
1644 1879 1803 1911 tenetur
1832 1866 2007 1922 praestare
2039 1865 2132 1908 Ali-

1201 1939 1337 1970 menta
1351 1928 1554 1973 Patrono‚
1585 1925 1655 1968 nifi
1677 1924 1859 1968 deduffis
1881 1923 1986 1980 prius
1998 1923 2133 1967 neces-

1199 1984 1308 2028 fariis
1332 1999 1404 2041 pro
1436 1985 1500 2030 se3
1530 1988 1569 2027 &
1595 1986 1636 2026 in
1667 1983 1785 2030 casu,
1816 1997 1902 2039 quo
1934 1985 2129 2026 Patronus

1197 2056 1278 2085 non
1303 2043 1448 2086 habeat
1473 2043 1578 2085 unde
1596 2042 1759 2085 aliunde
1775 2043 1923 2084 vivere.
1944 2042 2030 2081 L-si
2041 2042 2130 2098 quis

1194 2101 1223 2143 ἃ
1245 2101 1378 2143 liberis
1407 2104 1443 2148 S.
1457 2100 1587 2157 Solent
1596 2100 1646 2158 ffi
1665 2101 1716 2142 de
1731 2100 1854 2141 Liber.
1867 2101 2065 2155 agnescen-

1138 2176 1162 2219 3
1254 2159 1600 2203 Conturrcntibus
1623 2159 1682 2202 his
1713 2159 1900 2202 omnibus
1926 2158 2126 2215 requifitis

1193 2220 1390 2275 competit
1414 2218 1590 2260 Patrono
1614 2219 1752 2273 Egeno
1778 2215 1883 2260 astio
1913 2215 1965 2257 de
1988 2218 2128 2261 Cano-

1191 2289 1244 2319 ne
1275 2277 1521 2336 chmque
1551 2276 1603 2331 ad
1626 2275 1799 2333 petenda
1833 2273 2041 2316 Alimenta
2072 2276 2124 2318 ab

1191 2335 1391 2378 Ecclefia;
1423 2333 1535 2377 ficuti
1559 2333 1609 2377 ad
1635 2333 1829 2390 petendos
1855 2331 1960 2374 alios
1977 2332 2125 2375 frustus

1184 2391 1531 2450 Jurispatronatfis
1560 2394 1755 2446 competit
1775 2391 1907 2434 eidem
1939 2392 2043 2432 aetio
2074 2406 2124 2433 ex

1190 2449 1493 2500 Canone‚juxta
1506 2450 1748 2492 Lambertin.
1760 2449 1808 2492 ἐφ’
1821 2450 1916 2489 alios
1926 2449 2030 2506 apud
2037 2462 2124 2489 eum

1187 2510 1304 2550 relat.
1336 2508 1401 2551 lib.
1420 2519 1457 2558 3.
1480 2507 1606 2563 quaest.
1624 2518 1663 2558 3.
1689 2518 1771 2550 art.
1785 2521 1824 2560 7.
1858 2507 1956 2551 Non
1989 2508 2121 2550 obstat

1187 2569 1334 2608 Lotter.
1349 2568 1394 2621 de
1405 2580 1446 2607 re
1456 2567 1615 2621 Benefic.
1624 2567 1635 2605 l
1644 2567 1721 2607 ib.2
1729 2597 1740 2608 .
1756 2564 1882 2623 quest.
1890 2581 1907 2619 5
1916 2596 1926 2607 .
1942 2579 2045 2608 num.
2055 2577 2070 2604 1
2080 2582 2120 2607 o.

1191 2625 1264 2665 ubi
1290 2625 1407 2668 sentit
1431 2628 1602 2667 Patrono
1618 2623 1669 2667 ad
1701 2622 1873 2681 petenda
1886 2625 2120 2667 Alimenta-s

1190 2694 1270 2724 non
1297 2695 1525 2740 competere
1557 2683 1624 2725 nisi
1661 2683 1824 2738 simplex
1847 2682 2021 2725 officium
2038 2680 2120 2735 Ju-

1187 2740 1307 2788 dicis,
1320 2754 1453 2783 motus
1475 2754 1529 2783 ex
1546 2745 1588 2781 Ι..
1603 2740 1774 2799 Qodsi
1789 2739 1912 2781 minor
1932 2743 1973 2782 in
1978 2740 2064 2793 fine
2065 2737 2118 2795 ff

1182 2797 1234 2836 'de
1250 2799 1410 2841 Minor·
1438 2799 1621 2853 [aprima
1651 2797 1775 2838 eodem
1796 2799 1865 2837 tit.
1896 2801 1994 2855 quia
2026 2799 2120 2841 ista,

1184 2857 1280 2911 'fura
1312 2859 1525 2913 loquentia
1546 2856 1604 2898 ‘de
1620 2852 1840 2897 Alimentis
1857 2855 2079 2913 praestandis
2093 2855 2118 2895 a
2153 2887 2155 2889 .

1185 2914 1290 2955 Filio
1315 2917 1451 2958 Patri,
1479 2926 1548 2956 aut
1571 2912 1594 2955 ὲ
1619 2915 1734 2958 Patre
1748 2915 1878 2962 Filio,
1909 2928 1978 2957 aut
1997 2915 2020 2955 a
2050 2914 2119 2954 Li-

1186 2971 1305 3014 berto
1336 2975 1514 3014 Patrono
1524 2970 1740 3027 ,dirigunt
1761 2971 1898 3014 Verba
1930 2974 1982 3014 ad
1997 2971 2119 3029 Judi-

1184 3043 1302 3077 cem,
1335 3043 1420 3086 quo
1439 3028 1532 3072 casu
1556 3030 1680 3072 debet
1700 3030 1789 3072 dari
1813 3029 1985 3073 officium
1995 3029 2118 3087 Judi-

1183 3089 1266 3130 cis;
1291 3087 1394 3142 Jura
1418 3100 1554 3130 autem
1580 3087 1788 3130 Canonica
1821 3086 1972 3132 scilicet
1997 3089 2116 3129 Text.

1177 3147 1225 3187 in
1249 3145 1473 3201 supradicto
1494 3146 1663 3188 Canone
1686 3146 1959 3207 Quamque,
1973 3145 2116 3188 &in-

1180 3207 1336 3243 eanonev
1352 3204 1476 3246 Nobis
1500 3203 1550 3243 de
1575 3202 1780 3262 Jurepatr.
1804 3206 1855 3246 de
1879 3219 1953 3260 quo
1975 3203 2083 3257 iry'ra⁴
2102 3224 2116 3243 ³

1179 3261 1392 3317 loquentia
1416 3262 1468 3304 de
1483 3261 1704 3304 Alimentis
1726 3263 1948 3317 praestandis
1973 3263 2026 3302 ab
2041 3262 2116 3300 Ec-

1172 3318 1294 3359 eieiia
1320 3321 1508 3367 Patrono,
1526 3333 1604 3361 non
1617 3319 1799 3377 dirigunt
1820 3320 1942 3363 verba
1966 3319 2017 3361 ad
2034 3317 2114 3370 Ju-

1177 3376 1336 3420 dicem.
1369 3379 1489 3422 Unde
1512 3378 1585 3421 illa
1608 3392 1688 3421 non
1700 3379 1901 3422 debentur
1911 3390 1962 3419 ex
1982 3375 2115 3417 officio

1647 3435 1692 3493 ,(3
2046 3432 2116 3485 1⁰*
