2424 3692
2053 210 2128 256 vn

289 275 981 372 LECTORI
1041 276 1940 371 BENEV'OLOA

93 458 478 627 UTmnrr
514 473 622 505 meae
647 453 816 522 potius,
837 456 999 504 Amice
1029 457 1189 504 Lector
1212 488 1227 514 ,
1259 454 1394 524 quam
1411 457 1562 507 alienae
1568 457 1842 525 prospiciens
1859 495 1876 522 ,
1900 462 1949 509 in
1980 468 2123 512 unum*

0 567 8 641 ΙΙ

0 621 7 660 i.

0 661 7 690 l:

293 527 412 595 quasi
438 528 588 575 locum
625 526 774 591 redegi
818 524 1013 593 fingulos
1031 529 1240 574 Canones
1258 527 1312 575 de
1325 526 1692 592 Jurepatronatus
1710 562 1726 589 ,
1741 533 1820 596 qui
1837 531 2015 598 sparsim
2027 547 2122 581 tam

294 597 406 647 intra
426 630 442 655 ,
457 597 592 664 quam
609 596 729 644 extra
747 597 1051 662 CorpusJuris
1077 598 1296 645 Canonici
1316 612 1526 662 vagantur
1546 616 1561 656 3
1584 599 1817 650 Nimirum
1844 619 2003 651 omnes
2037 607 2121 651 Ca-

87 691 226 726 nones
255 669 429 716 Decreti
446 666 668 726 Gratiani,
690 663 1147 729 Decmalium,sexto
1163 666 1478 726 Decretalium,
1495 667 1872 720 clementinas-um
1887 705 1903 733 ,
1937 671 2124 719 Concilii

88 739 341 802 Tridentini
357 738 628 798 ‚Bullarum
645 771 661 795 ,
679 737 782 803 sive
810 735 1183 803 Constitutionum
1199 739 1292 804 Apo
1309 736 1567 798 tolicarum,
1599 753 1666 796 ες*
1692 742 1965 804 Regularum
1998 744 2122 790 Can-

90 799 305 869 (illaria,
339 809 567 859 materiam
577 806 950 874 Jurispatronatus
975 806 1395 864 concernentes3sub
1433 824 1708 875 unoquoque
1741 814 1930 860 Canone
1966 813 2116 862 suam„

86 880 413 934 conclusionem
427 877 588 925 deduxi
603 877 772 943 ,quam
794 880 1045 926 Dossorum
1064 882 1196 926 Sacrae
1215 880 1345 925 Rotae
1361 911 1376 937 ,
1409 886 1454 926 ὃ(
1482 878 1803 929 resolutionum
1830 886 1963 931 Sacrae
1990 886 2120 932 Con-

87 952 354 1022 gregationis
372 949 567 996 Concilii
588 947 919 996 auotoritatibus
939 980 955 1006 ,
970 964 1049 994 nec
1066 963 1160 994 non
1175 949 1418 995 rationibus
1436 964 1519 1013 pro
1536 948 1707 1000 viribus
1744 950 2041 1013 confirmavi,
2067 971 2120 1002 ae

86 1023 164 1073 sub
181 1026 445 1088 unaquaque
461 1017 742 1067 conclusione
761 1017 1043 1085 quamplures
1061 1017 1196 1066 Casus
1211 1014 1396 1067 disserui.
1418 1019 1653 1068 Materiam
1670 1019 1783 1069 han'c
1812 1024 2116 1088 patronalem„

87 1095 133 1140 in
149 1093 219 1141 sex
236 1106 374 1158 partes
388 1091 549 1156 placuit
569 1088 780 1146 dividere3
793 1091 938 1138 Prima
954 1092 1059 1137 Pars
1080 1091 1279 1135 continet
1295 1088 1460 1153 septem
1481 1092 1691 1139 Canones
1703 1092 1878 1139 Decreti
1891 1093 2122 1153 Gratiani,

86 1163 224 1212 Casus
246 1176 391 1209 autem
409 1161 762 1226 quinquaginta,
798 1167 843 1207 ὃ(
872 1162 974 1206 οᾶο
990 1192 1006 1217 ,
1042 1159 1238 1207 Secunda
1270 1163 1372 1207 Pars
1409 1160 1716 1225 complectitur
1731 1165 1941 1211 Canones
1963 1167 2118 1212 Decre-

86 1233 246 1292 talium,
265 1248 370 1292 3*1.;
394 1228 530 1278 Casus
547 1227 651 1278 vero
676 1247 728 1291 13
745 1245 786 1288 5.
819 1230 968 1277 Tertia
985 1231 1185 1276 continet
1203 1232 1439 1278 Canonem
1455 1229 1658 1287 Unicum
1680 1231 1806 1280 Sexti
1817 1234 2120 1282 Decretalium

88 1300 206 1352 casii&
217 1297 312 1360 sex,
354 1305 522 1363 Qarta
555 1299 890 1366 comprehcndit
923 1299 1036 1347 duos
1067 1302 1276 1348 Canones
1304 1299 1680 1348 Clementinarum
1696 1336 1713 1360 ,
1748 1295 1886 1352 Casus
1901 1304 2118 1364 decem-03

86 1374 187 1423 ParS
204 1372 371 1434 Quinta
389 1371 663 1436 amplectitur
681 1373 888 1418 Canones
900 1371 1013 1419 Sacri
1030 1371 1223 1421 Concilii
1239 1369 1493 1419 Tridentini
1514 1371 1741 1420 tresdecim
1770 1406 1786 1432 ,
1803 1374 1941 1422 Casus
1957 1377 2118 1441 trigin-

93 1450 135 1506 ta
150 1441 174 1502 33
198 1447 301 1505 Pars
317 1439 506 1508 denique
520 1440 634 1488 sexta
649 1441 846 1489 continet
864 1444 1072 1489 Canones
1084 1441 1440 1506 vigintiquinque
1468 1439 1721 1508 desumptos
1737 1460 1790 1490 ex
1818 1445 1956 1494 Bullis
1971 1480 1988 1505 ,
2028 1445 2119 1495 five

90 1511 490 1564 constitutionibus
513 1509 780 1576 Apostolicis
796 1545 812 1570 ,
844 1519 889 1559 &
925 1529 978 1558 ex
1010 1511 1198 1576 Regulis
1222 1511 1520 1571 Cancellariae,
1542 1512 1680 1560 Casus
1697 1510 1804 1562 vero
1820 1515 1982 1580 viginti
1995 1519 2116 1564 οᾶο.

98 1602 105 1608 ·
156 1583 230 1633 Ad
248 1581 496 1645 hujusmodi
515 1598 629 1646 opus
649 1581 835 1647 publicae
855 1580 1040 1629 censurae
1056 1579 1373 1646 exponendum
1390 1597 1639 1648 numquam
1655 1581 1813 1633 adduci
1841 1584 2078 1650 potuiffem
2097 1598 2118 1644 ,¹

90 1653 167 1702 nisi
184 1653 439 1701 desiderium
454 1650 754 1718 proficiscendi
766 1653 812 1699 in
834 1653 1019 1699 materia
1039 1684 1055 1710 ,
1090 1659 1134 1700 Sc
1150 1653 1369 1700 Doctrina
1387 1653 1614 1700 Canonica
1631 1687 1647 1711 ,
1677 1654 1801 1716 cujus
1830 1654 2000 1720 semper
2033 1656 2117 1704 stu<

92 1723 236 1772 diosus
250 1721 311 1771 fui
327 1756 343 1781 ,
360 1721 412 1771 ad
428 1723 600 1770 hocine
619 1719 864 1788 impulisset,
883 1720 1079 1770 Acceffit
1095 1723 1229 1769 etiam
1253 1723 1520 1770 Amicorum
1536 1720 1691 1782 suafiO,
1707 1725 1786 1789 qui
1811 1724 2009 1775 laborem
2025 1728 2117 1793 pri-

87 1809 193 1853 vato
209 1791 448 1842 commodo
465 1791 711 1858 susceptum
733 1826 749 1851 ,
775 1793 868 1840 aliis
885 1805 977 1839 non
995 1791 1182 1839 omnint>
1201 1792 1405 1849 inutilem
1436 1790 1531 1839 fore
1560 1791 1810 1856 judicarunt
1825 1828 1838 1840 .
1876 1797 1976 1844 Scio
2004 1815 2117 1846 med

86 1866 251 1914 multos
269 1861 405 1911 feciffe
417 1861 597 1927 Judices
614 1895 629 1920 ,
642 1864 758 1910 inter
775 1879 887 1929 quos
906 1861 1081 1910 fortas-se
1102 1878 1195 1909 non
1230 1861 1414 1910 deerunt
1435 1896 1451 1920 ,
1486 1864 1563 1931 qui
1596 1862 1726 1911 hosce
1757 1880 1882 1914 meos
1912 1865 2084 1916 labores
2099 1900 2120 1927 ‚

92 1952 139 1982 ac
157 1935 322 1999 primos
337 1934 501 1997 ingenii
515 1930 630 1994 fetus
645 1947 840 1997 carpent,
855 1941 899 1979 δε
917 1933 996 1998 qui
1010 1930 1184 1983 eosdem
1201 1933 1465 1995 utiajuvenili
1480 1946 1604 1981 aetate
1619 1949 1859 2000 conceptos
1876 1937 2114 1987 immature

92 2007 140 2053 in
155 2005 299 2051 lucem
318 2001 457 2049 editos
479 2001 806 2067 suspicabuntur
823 2020 835 2048 :
852 2000 924 2049 sed
942 2002 1107 2067 legant,
1126 2003 1204 2068 qui
1223 2003 1362 2051 velint
1374 2036 1392 2061 ,
1407 2006 1486 2069 qui
1503 2003 1667 2063 nolint,
1682 2005 1940 2071 negligant,
1966 2008 2110 2074 magis

90 2075 204 2121 enim
227 2106 242 2131 ,
261 2087 308 2120 ut
326 2073 592 2135 Hieronymi
608 2072 752 2119 verbis
772 2085 866 2118 utar
886 2104 901 2129 ,
917 2088 1157 2136 paucorum
1174 2073 1380 2133 charitate
1395 2090 1618 2138 provocor
1634 2073 1687 2121 ad
1702 2074 1892 2124 studium
1909 2111 1925 2135 ,
1943 2078 2113 2145 quarm

90 2145 331 2193 multorum
349 2140 630 2199 detractione,
647 2149 692 2190 &
709 2140 815 2188 odio
831 2141 1065 2189 deterreor.
1077 2145 1247 2190 Interea
1264 2134 1475 2191 benevole
1491 2146 1650 2193 LeEtor
1663 2177 1680 2203 ,
1699 2144 1732 2193 fi
1748 2145 1856 2212 quid
1897 2147 2003 2196 boni
2028 2151 2109 2202 in..

86 2216 171 2263 hoc
192 2230 321 2279 opere
353 2214 536 2277 reperies
548 2212 600 2260 da
619 2210 795 2268 laudem
813 2215 916 2259 Deo
933 2244 948 2269 ,
965 2211 989 2259 ai
1005 2230 1097 2278 quo
1115 2229 1249 2261 omne
1266 2216 1470 2271 Bonum,
1500 2213 1531 2262 fi
1548 2214 1658 2280 quid
1673 2229 1828 2264 autem
1846 2220 1950 2267 mali
1982 2221 2108 2271 inve-

88 2287 179 2333 nies
195 2317 211 2344 ,
256 2283 367 2334 mihi
385 2299 513 2351 parce
527 2317 542 2345 ‚
573 2298 653 2331 nec
687 2283 808 2333 enim
841 2283 919 2331 ulli
951 2281 1040 2332 fine
1075 2286 1203 2335 venia
1233 2283 1398 2352 placuit
1427 2287 1659 2352 ingenium
1677 2320 1690 2334 .
1727 2286 1836 2334 Vale
1852 2321 1863 2335 .

1992 3414 2110 3463 lM.
