<?xml version="1.0" encoding="UTF-8"?>
<!DOCTYPE html PUBLIC "-//W3C//DTD XHTML 1.0 Transitional//EN"
    "http://www.w3.org/TR/xhtml1/DTD/xhtml1-transitional.dtd">
<html xmlns="http://www.w3.org/1999/xhtml" xml:lang="en" lang="en">
 <head>
  <title>
</title>
<meta http-equiv="Content-Type" content="text/html;charset=utf-8" />
  <meta name='ocr-system' content='tesseract 3.04.00' />
  <meta name='ocr-capabilities' content='ocr_page ocr_carea ocr_par ocr_line ocrx_word'/>
</head>
<body>
  <div class='ocr_page' id='page_1' title='image "./commentariainsin01farguoft_0010.png"; bbox 0 0 2424 3692; ppageno 0'>
   <div class='ocr_carea' id='block_1_1' title="bbox 309 205 2346 612">
    <p class='ocr_par' dir='ltr' id='par_1_1' title="bbox 309 205 2346 612">
     <span class='ocr_line' id='line_1_1' title="bbox 309 205 410 255; baseline -0.01 -1"><span class='ocrx_word' id='word_1_1' title='bbox 309 205 410 255; x_wconf 82' lang='lat' dir='ltr'>v111</span> 
     </span>
     <span class='ocr_line' id='line_1_2' title="bbox 723 298 1501 382; baseline -0.015 -1"><span class='ocrx_word' id='word_1_2' title='bbox 723 298 1501 382; x_wconf 59' lang='grc' dir='ltr'><em>ΙΜὲΚῙΜΑΤυΚ,</em></span> 
     </span>
     <span class='ocr_line' id='line_1_3' title="bbox 381 461 2346 539; baseline -0.016 -6"><span class='ocrx_word' id='word_1_3' title='bbox 381 489 427 538; x_wconf 86' lang='lat' dir='ltr'>Si</span> <span class='ocrx_word' id='word_1_4' title='bbox 448 476 682 532; x_wconf 87' lang='lat' dir='ltr'>vedebitur</span> <span class='ocrx_word' id='word_1_5' title='bbox 718 469 1024 523; x_wconf 81' lang='lat' dir='ltr'>Reverendiss.</span> <span class='ocrx_word' id='word_1_6' title='bbox 1062 471 1180 520; x_wconf 81' lang='lat' dir='ltr'>Patri</span> <span class='ocrx_word' id='word_1_7' title='bbox 1219 471 1337 520; x_wconf 86' lang='lat' dir='ltr'>Sacri</span> <span class='ocrx_word' id='word_1_8' title='bbox 1374 470 1531 519; x_wconf 86' lang='lat' dir='ltr'>Palatii</span> <span class='ocrx_word' id='word_1_9' title='bbox 1565 468 1817 539; x_wconf 73' lang='lat' dir='ltr'>Apostolici</span> <span class='ocrx_word' id='word_1_10' title='bbox 1850 472 2063 539; x_wconf 72' lang='lat' dir='ltr'>Magistro</span> <span class='ocrx_word' id='word_1_11' title='bbox 2195 470 2209 535; x_wconf 87' lang='lat'><em>7</em></span> <span class='ocrx_word' id='word_1_12' title='bbox 2330 461 2346 517; x_wconf 72' lang='grc' dir='ltr'><em>ξ</em></span> 
     </span>
     <span class='ocr_line' id='line_1_4' title="bbox 518 524 2340 612; baseline -0.025 -15"><span class='ocrx_word' id='word_1_13' title='bbox 518 546 600 597; x_wconf 88' lang='lat' dir='ltr'>Th.</span> <span class='ocrx_word' id='word_1_14' title='bbox 638 543 859 592; x_wconf 71' lang='lat' dir='ltr'>Cervinus</span> <span class='ocrx_word' id='word_1_15' title='bbox 891 539 1122 612; x_wconf 72' lang='lat' dir='ltr'>Eptstopus</span> <span class='ocrx_word' id='word_1_16' title='bbox 1157 539 1374 610; x_wconf 70' lang='lat' dir='ltr'><em>Heracleae</em></span> <span class='ocrx_word' id='word_1_17' title='bbox 1411 537 1634 604; x_wconf 62' lang='lat' dir='ltr'>Vicesgep,</span> <span class='ocrx_word' id='word_1_18' title='bbox 2067 557 2070 560; x_wconf 81' lang='grc'>,</span> <span class='ocrx_word' id='word_1_19' title='bbox 2195 524 2207 564; x_wconf 64' lang='grc' dir='ltr'>ς</span> <span class='ocrx_word' id='word_1_20' title='bbox 2331 539 2340 577; x_wconf 68' lang='lat'><em>3</em></span> 
     </span>
    </p>
   </div>
   <div class='ocr_carea' id='block_1_2' title="bbox 320 684 2354 711">
    <p class='ocr_par' dir='ltr' id='par_1_2' title="bbox 320 684 2354 711">
     <span class='ocr_line' id='line_1_5' title="bbox 320 684 2354 711; baseline 0 2981"><span class='ocrx_word' id='word_1_21' title='bbox 320 684 2354 711; x_wconf 95' lang='lat' dir='ltr'> </span> 
     </span>
    </p>
   </div>
   <div class='ocr_carea' id='block_1_3' title="bbox 311 770 2348 886">
    <p class='ocr_par' dir='ltr' id='par_1_3' title="bbox 311 770 2348 886">
     <span class='ocr_line' id='line_1_6' title="bbox 393 770 2348 835; baseline 0.004 -20"><span class='ocrx_word' id='word_1_22' title='bbox 393 788 426 826; x_wconf 83' lang='lat' dir='ltr'>X</span> <span class='ocrx_word' id='word_1_23' title='bbox 452 775 737 821; x_wconf 83' lang='lat' dir='ltr'>Commiffione</span> <span class='ocrx_word' id='word_1_24' title='bbox 760 775 856 814; x_wconf 88' lang='lat' dir='ltr'>mihi</span> <span class='ocrx_word' id='word_1_25' title='bbox 867 774 1039 832; x_wconf 48' lang='lat' dir='ltr'>delegata·</span> <span class='ocrx_word' id='word_1_26' title='bbox 1052 785 1119 826; x_wconf 87' lang='lat' dir='ltr'>per</span> <span class='ocrx_word' id='word_1_27' title='bbox 1138 771 1402 814; x_wconf 83' lang='lat' dir='ltr'>Reverendiss.</span> <span class='ocrx_word' id='word_1_28' title='bbox 1424 770 1465 810; x_wconf 88' lang='lat' dir='ltr'>P.</span> <span class='ocrx_word' id='word_1_29' title='bbox 1479 771 1714 832; x_wconf 64' lang='lat' dir='ltr'>Gregorium</span> <span class='ocrx_word' id='word_1_30' title='bbox 1740 773 1927 824; x_wconf 85' lang='lat' dir='ltr'>Sellerum</span> <span class='ocrx_word' id='word_1_31' title='bbox 1950 776 2055 818; x_wconf 83' lang='lat' dir='ltr'>Sacri</span> <span class='ocrx_word' id='word_1_32' title='bbox 2081 779 2213 821; x_wconf 81' lang='lat' dir='ltr'>Palatii</span> <span class='ocrx_word' id='word_1_33' title='bbox 2239 781 2348 835; x_wconf 86' lang='lat' dir='ltr'>Apo-</span> 
     </span>
     <span class='ocr_line' id='line_1_7' title="bbox 311 792 2347 886; baseline 0.008 -30"><span class='ocrx_word' id='word_1_34' title='bbox 311 792 389 879; x_wconf 83' lang='lat' dir='ltr'><strong>E</strong></span> <span class='ocrx_word' id='word_1_35' title='bbox 417 832 535 875; x_wconf 62' lang='lat' dir='ltr'>stone}</span> <span class='ocrx_word' id='word_1_36' title='bbox 563 829 793 883; x_wconf 79' lang='lat' dir='ltr'>Magistrum</span> <span class='ocrx_word' id='word_1_37' title='bbox 815 827 958 879; x_wconf 86' lang='lat' dir='ltr'>perlegi</span> <span class='ocrx_word' id='word_1_38' title='bbox 983 837 1147 877; x_wconf 74' lang='lat' dir='ltr'>primam</span> <span class='ocrx_word' id='word_1_39' title='bbox 1173 835 1322 876; x_wconf 86' lang='lat' dir='ltr'>partem</span> <span class='ocrx_word' id='word_1_40' title='bbox 1343 836 1490 876; x_wconf 81' lang='lat' dir='ltr'>opens,</span> <span class='ocrx_word' id='word_1_41' title='bbox 1518 836 1580 863; x_wconf 78' lang='lat' dir='ltr'>cur</span> <span class='ocrx_word' id='word_1_42' title='bbox 1607 826 1762 866; x_wconf 74' lang='lat' dir='ltr'>titulus:</span> <span class='ocrx_word' id='word_1_43' title='bbox 1786 835 2027 869; x_wconf 76' lang='lat' dir='ltr'>commentaria</span> <span class='ocrx_word' id='word_1_44' title='bbox 2060 835 2096 869; x_wconf 81' lang='lat' dir='ltr'>in</span> <span class='ocrx_word' id='word_1_45' title='bbox 2113 834 2258 886; x_wconf 76' lang='lat' dir='ltr'>singulos</span> <span class='ocrx_word' id='word_1_46' title='bbox 2284 845 2347 875; x_wconf 77' lang='lat' dir='ltr'>ca·</span> 
     </span>
    </p>
   </div>
   <div class='ocr_carea' id='block_1_4' title="bbox 310 876 2424 991">
    <p class='ocr_par' dir='ltr' id='par_1_4' title="bbox 310 876 2424 991">
     <span class='ocr_line' id='line_1_8' title="bbox 310 876 2424 935; baseline -0.003 -7"><span class='ocrx_word' id='word_1_47' title='bbox 310 904 409 928; x_wconf 81' lang='lat' dir='ltr'><em>nones</em></span> <span class='ocrx_word' id='word_1_48' title='bbox 436 891 473 924; x_wconf 82' lang='lat' dir='ltr'>de</span> <span class='ocrx_word' id='word_1_49' title='bbox 497 887 784 935; x_wconf 74' lang='lat' dir='ltr'>Jurepatronatus</span> <span class='ocrx_word' id='word_1_50' title='bbox 805 876 1012 929; x_wconf 80' lang='lat' dir='ltr'>compositi</span> <span class='ocrx_word' id='word_1_51' title='bbox 1031 889 1097 925; x_wconf 81' lang='lat' dir='ltr'>per</span> <span class='ocrx_word' id='word_1_52' title='bbox 1115 877 1337 917; x_wconf 85' lang='lat' dir='ltr'>Dominum</span> <span class='ocrx_word' id='word_1_53' title='bbox 1362 876 1603 935; x_wconf 79' lang='lat' dir='ltr'>Franciscum</span> <span class='ocrx_word' id='word_1_54' title='bbox 1630 878 1822 929; x_wconf 83' lang='lat' dir='ltr'>Fargnam</span> <span class='ocrx_word' id='word_1_55' title='bbox 1846 881 1925 920; x_wconf 87' lang='lat' dir='ltr'>mei</span> <span class='ocrx_word' id='word_1_56' title='bbox 1952 882 2070 922; x_wconf 89' lang='lat' dir='ltr'>Studii</span> <span class='ocrx_word' id='word_1_57' title='bbox 2094 884 2348 926; x_wconf 70' lang='lat' dir='ltr'>Alumnum.»</span> <span class='ocrx_word' id='word_1_58' title='bbox 2422 932 2424 934; x_wconf 31' lang='grc'><strong>,</strong></span> 
     </span>
     <span class='ocr_line' id='line_1_9' title="bbox 316 927 2424 991; baseline -0.002 -11"><span class='ocrx_word' id='word_1_59' title='bbox 316 950 486 991; x_wconf 87' lang='lat' dir='ltr'>cumque</span> <span class='ocrx_word' id='word_1_60' title='bbox 505 936 546 973; x_wconf 85' lang='lat' dir='ltr'>in</span> <span class='ocrx_word' id='word_1_61' title='bbox 568 945 616 971; x_wconf 88' lang='lat' dir='ltr'>eo</span> <span class='ocrx_word' id='word_1_62' title='bbox 635 932 730 972; x_wconf 84' lang='lat' dir='ltr'>nihil</span> <span class='ocrx_word' id='word_1_63' title='bbox 765 930 980 969; x_wconf 82' lang='lat' dir='ltr'>invenerim</span> <span class='ocrx_word' id='word_1_64' title='bbox 994 958 1007 976; x_wconf 91' lang='lat'><em>,</em></span> <span class='ocrx_word' id='word_1_65' title='bbox 1031 929 1141 981; x_wconf 90' lang='lat' dir='ltr'>quod</span> <span class='ocrx_word' id='word_1_66' title='bbox 1161 928 1296 968; x_wconf 81' lang='lat' dir='ltr'>nostrae</span> <span class='ocrx_word' id='word_1_67' title='bbox 1318 927 1528 967; x_wconf 72' lang='lat' dir='ltr'>Catholicae</span> <span class='ocrx_word' id='word_1_68' title='bbox 1554 928 1683 976; x_wconf 87' lang='lat' dir='ltr'>Fidei,</span> <span class='ocrx_word' id='word_1_69' title='bbox 1704 939 1769 969; x_wconf 81' lang='lat' dir='ltr'>aut</span> <span class='ocrx_word' id='word_1_70' title='bbox 1792 930 1987 974; x_wconf 89' lang='lat' dir='ltr'>bonorum</span> <span class='ocrx_word' id='word_1_71' title='bbox 2021 947 2182 978; x_wconf 85' lang='lat' dir='ltr'>morum</span> <span class='ocrx_word' id='word_1_72' title='bbox 2214 938 2347 980; x_wconf 87' lang='lat' dir='ltr'>obviet</span> <span class='ocrx_word' id='word_1_73' title='bbox 2420 956 2424 965; x_wconf 54' lang='grc' dir='ltr'><strong><em>ε</em></strong></span> 
     </span>
    </p>
   </div>
   <div class='ocr_carea' id='block_1_5' title="bbox 312 979 2347 1191">
    <p class='ocr_par' dir='ltr' id='par_1_5' title="bbox 315 979 2346 1043">
     <span class='ocr_line' id='line_1_10' title="bbox 315 979 2346 1043; baseline -0.001 -12"><span class='ocrx_word' id='word_1_74' title='bbox 315 989 504 1034; x_wconf 82' lang='lat' dir='ltr'>Institutis,</span> <span class='ocrx_word' id='word_1_75' title='bbox 518 982 643 1025; x_wconf 82' lang='lat' dir='ltr'>immo</span> <span class='ocrx_word' id='word_1_76' title='bbox 670 980 902 1022; x_wconf 79' lang='lat' dir='ltr'>laudandum</span> <span class='ocrx_word' id='word_1_77' title='bbox 929 980 1103 1020; x_wconf 88' lang='lat' dir='ltr'>laborem</span> <span class='ocrx_word' id='word_1_78' title='bbox 1126 979 1278 1020; x_wconf 84' lang='lat' dir='ltr'>studiosi</span> <span class='ocrx_word' id='word_1_79' title='bbox 1297 979 1449 1038; x_wconf 75' lang='lat' dir='ltr'>Juvenis</span> <span class='ocrx_word' id='word_1_80' title='bbox 1471 979 1538 1019; x_wconf 82' lang='lat' dir='ltr'>fibi</span> <span class='ocrx_word' id='word_1_81' title='bbox 1561 981 1666 1040; x_wconf 69' lang='lat' dir='ltr'>spem</span> <span class='ocrx_word' id='word_1_82' title='bbox 1687 980 1800 1020; x_wconf 81' lang='lat' dir='ltr'>famae</span> <span class='ocrx_word' id='word_1_83' title='bbox 1814 1011 1828 1035; x_wconf 75' lang='lat'>³.</span> <span class='ocrx_word' id='word_1_84' title='bbox 1851 983 1932 1024; x_wconf 85' lang='lat' dir='ltr'>aliis</span> <span class='ocrx_word' id='word_1_85' title='bbox 1966 986 2128 1038; x_wconf 90' lang='lat' dir='ltr'>spatium</span> <span class='ocrx_word' id='word_1_86' title='bbox 2153 990 2346 1043; x_wconf 87' lang='lat' dir='ltr'>exemplo-</span> 
     </span>
    </p>

    <p class='ocr_par' dir='ltr' id='par_1_6' title="bbox 312 1031 2346 1083">
     <span class='ocr_line' id='line_1_11' title="bbox 312 1031 2346 1083; baseline -0.001 -1"><span class='ocrx_word' id='word_1_87' title='bbox 312 1056 399 1082; x_wconf 88' lang='lat' dir='ltr'>rum</span> <span class='ocrx_word' id='word_1_88' title='bbox 422 1036 647 1079; x_wconf 82' lang='lat' dir='ltr'>crediderim</span> <span class='ocrx_word' id='word_1_89' title='bbox 668 1036 752 1074; x_wconf 87' lang='lat' dir='ltr'>fore</span> <span class='ocrx_word' id='word_1_90' title='bbox 772 1035 974 1076; x_wconf 82' lang='lat' dir='ltr'>daturum3</span> <span class='ocrx_word' id='word_1_91' title='bbox 998 1033 1148 1071; x_wconf 84' lang='lat' dir='ltr'>Censeo</span> <span class='ocrx_word' id='word_1_92' title='bbox 1173 1031 1274 1083; x_wconf 75' lang='lat' dir='ltr'>poss‘e</span> <span class='ocrx_word' id='word_1_93' title='bbox 1297 1031 1453 1083; x_wconf 74' lang='lat' dir='ltr'>publicis</span> <span class='ocrx_word' id='word_1_94' title='bbox 1481 1032 1598 1083; x_wconf 75' lang='lat' dir='ltr'>Typis</span> <span class='ocrx_word' id='word_1_95' title='bbox 1620 1032 1821 1081; x_wconf 82' lang='lat' dir='ltr'>mandari,</span> <span class='ocrx_word' id='word_1_96' title='bbox 1867 1035 1896 1075; x_wconf 81' lang='lat' dir='ltr'>ss</span> <span class='ocrx_word' id='word_1_97' title='bbox 1921 1036 2137 1079; x_wconf 77' lang='lat' dir='ltr'>Paternitati</span> <span class='ocrx_word' id='word_1_98' title='bbox 2164 1040 2245 1081; x_wconf 85' lang='lat' dir='ltr'>Suae</span> <span class='ocrx_word' id='word_1_99' title='bbox 2268 1043 2346 1083; x_wconf 66' lang='lat' dir='ltr'>Re-</span> 
     </span>
    </p>

    <p class='ocr_par' dir='ltr' id='par_1_7' title="bbox 312 1083 2347 1191">
     <span class='ocr_line' id='line_1_12' title="bbox 312 1083 2347 1137; baseline -0.005 -3"><span class='ocrx_word' id='word_1_100' title='bbox 312 1090 582 1137; x_wconf 83' lang='lat' dir='ltr'>verendiffimae</span> <span class='ocrx_word' id='word_1_101' title='bbox 606 1089 656 1127; x_wconf 66' lang='lat' dir='ltr'>itit</span> <span class='ocrx_word' id='word_1_102' title='bbox 681 1086 868 1125; x_wconf 85' lang='lat' dir='ltr'>videbitur</span> <span class='ocrx_word' id='word_1_103' title='bbox 882 1112 893 1122; x_wconf 90' lang='lat'><strong>.</strong></span> <span class='ocrx_word' id='word_1_104' title='bbox 919 1086 1069 1124; x_wconf 89' lang='lat' dir='ltr'>Datum</span> <span class='ocrx_word' id='word_1_105' title='bbox 1090 1085 1231 1124; x_wconf 78' lang='lat' dir='ltr'>Romae</span> <span class='ocrx_word' id='word_1_106' title='bbox 1252 1083 1324 1122; x_wconf 84' lang='lat' dir='ltr'>hac</span> <span class='ocrx_word' id='word_1_107' title='bbox 1343 1083 1404 1124; x_wconf 87' lang='lat' dir='ltr'>die</span> <span class='ocrx_word' id='word_1_108' title='bbox 1426 1097 1489 1130; x_wconf 68' lang='lat'>20,-</span> <span class='ocrx_word' id='word_1_109' title='bbox 1518 1083 1705 1124; x_wconf 85' lang='lat' dir='ltr'>Februarii</span> <span class='ocrx_word' id='word_1_110' title='bbox 1733 1097 1844 1134; x_wconf 84' lang='lat'><em>1717.</em></span> <span class='ocrx_word' id='word_1_111' title='bbox 2339 1087 2347 1094; x_wconf 75' lang='grc'><strong><em>’</em></strong></span> 
     </span>
     <span class='ocr_line' id='line_1_13' title="bbox 412 1139 1519 1191; baseline -0.01 -6"><span class='ocrx_word' id='word_1_112' title='bbox 412 1154 436 1186; x_wconf 90' lang='lat' dir='ltr'><em>F</em></span> <span class='ocrx_word' id='word_1_113' title='bbox 440 1144 598 1189; x_wconf 76' lang='lat' dir='ltr'>ranczTcus</span> <span class='ocrx_word' id='word_1_114' title='bbox 623 1143 736 1179; x_wconf 82' lang='lat' dir='ltr'>Maria</span> <span class='ocrx_word' id='word_1_115' title='bbox 761 1140 915 1191; x_wconf 72' lang='lat' dir='ltr'>‘Pitonius</span> <span class='ocrx_word' id='word_1_116' title='bbox 939 1141 975 1175; x_wconf 86' lang='lat' dir='ltr'>in</span> <span class='ocrx_word' id='word_1_117' title='bbox 999 1146 1144 1187; x_wconf 70' lang='lat' dir='ltr'><em>quana</em></span> <span class='ocrx_word' id='word_1_118' title='bbox 1170 1139 1268 1176; x_wconf 83' lang='lat' dir='ltr'>curia</span> <span class='ocrx_word' id='word_1_119' title='bbox 1292 1139 1519 1176; x_wconf 54' lang='lat' dir='ltr'>advocatus.</span> 
     </span>
    </p>
   </div>
   <div class='ocr_carea' id='block_1_6' title="bbox 311 1251 2346 1731">
    <p class='ocr_par' dir='ltr' id='par_1_8' title="bbox 311 1251 2346 1678">
     <span class='ocr_line' id='line_1_14' title="bbox 429 1251 2346 1317; baseline 0.001 -14"><span class='ocrx_word' id='word_1_120' title='bbox 429 1264 610 1303; x_wconf 82' lang='lat' dir='ltr'>Andante</span> <span class='ocrx_word' id='word_1_121' title='bbox 634 1259 967 1300; x_wconf 80' lang='lat' dir='ltr'>Reverendisfimo</span> <span class='ocrx_word' id='word_1_122' title='bbox 991 1258 1101 1298; x_wconf 84' lang='lat' dir='ltr'>Patre</span> <span class='ocrx_word' id='word_1_123' title='bbox 1122 1256 1225 1297; x_wconf 83' lang='lat' dir='ltr'>Sacri</span> <span class='ocrx_word' id='word_1_124' title='bbox 1250 1256 1381 1297; x_wconf 88' lang='lat' dir='ltr'>Palatii</span> <span class='ocrx_word' id='word_1_125' title='bbox 1417 1257 1630 1310; x_wconf 86' lang='lat' dir='ltr'>Apostolici</span> <span class='ocrx_word' id='word_1_126' title='bbox 1666 1257 1874 1312; x_wconf 84' lang='lat' dir='ltr'>Magistro,</span> <span class='ocrx_word' id='word_1_127' title='bbox 1910 1264 2089 1317; x_wconf 87' lang='lat' dir='ltr'>geminos</span> <span class='ocrx_word' id='word_1_128' title='bbox 2122 1251 2346 1317; x_wconf 62' lang='lat' dir='ltr'>posteriores</span> 
     </span>
     <span class='ocr_line' id='line_1_15' title="bbox 314 1272 2346 1368; baseline -0.001 -11"><span class='ocrx_word' id='word_1_129' title='bbox 314 1272 425 1359; x_wconf 87' lang='lat' dir='ltr'>M</span> <span class='ocrx_word' id='word_1_130' title='bbox 454 1317 567 1355; x_wconf 88' lang='lat' dir='ltr'>libros</span> <span class='ocrx_word' id='word_1_131' title='bbox 591 1313 712 1364; x_wconf 89' lang='lat' dir='ltr'>operis</span> <span class='ocrx_word' id='word_1_132' title='bbox 726 1341 739 1357; x_wconf 94' lang='lat'><em>,</em></span> <span class='ocrx_word' id='word_1_133' title='bbox 761 1312 827 1351; x_wconf 89' lang='lat' dir='ltr'>cui</span> <span class='ocrx_word' id='word_1_134' title='bbox 851 1311 978 1351; x_wconf 87' lang='lat' dir='ltr'>titulus</span> <span class='ocrx_word' id='word_1_135' title='bbox 992 1325 1005 1350; x_wconf 73' lang='lat' dir='ltr'><em>z</em></span> <span class='ocrx_word' id='word_1_136' title='bbox 1029 1313 1271 1349; x_wconf 83' lang='lat' dir='ltr'>commentaria</span> <span class='ocrx_word' id='word_1_137' title='bbox 1294 1313 1328 1347; x_wconf 84' lang='lat' dir='ltr'>in</span> <span class='ocrx_word' id='word_1_138' title='bbox 1363 1312 1509 1360; x_wconf 81' lang='lat' dir='ltr'><em>fingutos</em></span> <span class='ocrx_word' id='word_1_139' title='bbox 1534 1321 1677 1351; x_wconf 85' lang='lat' dir='ltr'>canones</span> <span class='ocrx_word' id='word_1_140' title='bbox 1709 1316 1749 1350; x_wconf 85' lang='lat' dir='ltr'>de</span> <span class='ocrx_word' id='word_1_141' title='bbox 1787 1315 2077 1368; x_wconf 81' lang='lat' dir='ltr'>Jurepatronatus</span> <span class='ocrx_word' id='word_1_142' title='bbox 2112 1311 2272 1366; x_wconf 65' lang='lat' dir='ltr'>Franeuy&#39;ci</span> <span class='ocrx_word' id='word_1_143' title='bbox 2304 1323 2346 1360; x_wconf 72' lang='lat' dir='ltr'>de</span> 
     </span>
     <span class='ocr_line' id='line_1_16' title="bbox 311 1360 2346 1420; baseline -0 -12"><span class='ocrx_word' id='word_1_144' title='bbox 311 1381 460 1420; x_wconf 71' lang='lat' dir='ltr'>fargna,</span> <span class='ocrx_word' id='word_1_145' title='bbox 490 1366 665 1407; x_wconf 79' lang='lat' dir='ltr'>accurate</span> <span class='ocrx_word' id='word_1_146' title='bbox 701 1362 869 1416; x_wconf 81' lang='lat' dir='ltr'>perlegi,</span> <span class='ocrx_word' id='word_1_147' title='bbox 891 1362 1024 1415; x_wconf 89' lang='lat' dir='ltr'>nilque</span> <span class='ocrx_word' id='word_1_148' title='bbox 1051 1361 1092 1400; x_wconf 88' lang='lat' dir='ltr'>in</span> <span class='ocrx_word' id='word_1_149' title='bbox 1116 1360 1159 1400; x_wconf 88' lang='lat' dir='ltr'>iis</span> <span class='ocrx_word' id='word_1_150' title='bbox 1174 1390 1187 1408; x_wconf 92' lang='lat'><em>‚</em></span> <span class='ocrx_word' id='word_1_151' title='bbox 1214 1362 1322 1415; x_wconf 91' lang='lat' dir='ltr'>quod</span> <span class='ocrx_word' id='word_1_152' title='bbox 1345 1361 1557 1402; x_wconf 72' lang='lat' dir='ltr'>Catholicae</span> <span class='ocrx_word' id='word_1_153' title='bbox 1580 1362 1702 1408; x_wconf 87' lang='lat' dir='ltr'>Fidei,</span> <span class='ocrx_word' id='word_1_154' title='bbox 1730 1364 2058 1414; x_wconf 69' lang='lat' dir='ltr'>bonis‘moribus,</span> <span class='ocrx_word' id='word_1_155' title='bbox 2082 1368 2346 1412; x_wconf 73' lang='lat' dir='ltr'>Ecclefiasticae</span> 
     </span>
     <span class='ocr_line' id='line_1_17' title="bbox 313 1412 2340 1473; baseline -0.002 -14"><span class='ocrx_word' id='word_1_156' title='bbox 313 1421 512 1473; x_wconf 78' lang='lat' dir='ltr'>disciplinae</span> <span class='ocrx_word' id='word_1_157' title='bbox 526 1447 538 1464; x_wconf 91' lang='lat'><em>,</em></span> <span class='ocrx_word' id='word_1_158' title='bbox 560 1419 806 1457; x_wconf 73' lang='lat' dir='ltr'>factorumve</span> <span class='ocrx_word' id='word_1_159' title='bbox 819 1417 1031 1456; x_wconf 89' lang='lat' dir='ltr'>Canonum</span> <span class='ocrx_word' id='word_1_160' title='bbox 1051 1412 1189 1465; x_wconf 80' lang='lat' dir='ltr'>politiae</span> <span class='ocrx_word' id='word_1_161' title='bbox 1211 1414 1449 1459; x_wconf 78' lang='lat' dir='ltr'>adversetur,</span> <span class='ocrx_word' id='word_1_162' title='bbox 1475 1413 1641 1456; x_wconf 86' lang='lat' dir='ltr'>offendi.</span> <span class='ocrx_word' id='word_1_163' title='bbox 1669 1415 1857 1469; x_wconf 79' lang='lat' dir='ltr'>Qnimo</span> <span class='ocrx_word' id='word_1_164' title='bbox 1881 1418 1979 1462; x_wconf 82' lang='lat' dir='ltr'>faelix</span> <span class='ocrx_word' id='word_1_165' title='bbox 2021 1420 2130 1472; x_wconf 72' lang='lat' dir='ltr'>aeque</span> <span class='ocrx_word' id='word_1_166' title='bbox 2141 1449 2156 1468; x_wconf 90' lang='lat'>,</span> <span class='ocrx_word' id='word_1_167' title='bbox 2177 1433 2222 1460; x_wconf 81' lang='lat' dir='ltr'>ac</span> <span class='ocrx_word' id='word_1_168' title='bbox 2283 1434 2340 1462; x_wconf 73' lang='lat' dir='ltr'>er.</span> 
     </span>
     <span class='ocr_line' id='line_1_18' title="bbox 316 1464 2345 1531; baseline -0.002 -20"><span class='ocrx_word' id='word_1_169' title='bbox 316 1473 443 1525; x_wconf 85' lang='lat' dir='ltr'>spicax</span> <span class='ocrx_word' id='word_1_170' title='bbox 456 1468 634 1510; x_wconf 65' lang='lat' dir='ltr'>Auctoris</span> <span class='ocrx_word' id='word_1_171' title='bbox 656 1468 857 1518; x_wconf 88' lang='lat' dir='ltr'>ingenium</span> <span class='ocrx_word' id='word_1_172' title='bbox 870 1496 883 1513; x_wconf 92' lang='lat'><em>,</em></span> <span class='ocrx_word' id='word_1_173' title='bbox 901 1465 1092 1519; x_wconf 86' lang='lat' dir='ltr'>fimulque</span> <span class='ocrx_word' id='word_1_174' title='bbox 1115 1464 1154 1503; x_wconf 82' lang='lat' dir='ltr'>in</span> <span class='ocrx_word' id='word_1_175' title='bbox 1176 1465 1285 1504; x_wconf 85' lang='lat' dir='ltr'>rebus</span> <span class='ocrx_word' id='word_1_176' title='bbox 1306 1465 1577 1517; x_wconf 76' lang='lat' dir='ltr'>difficilioribus</span> <span class='ocrx_word' id='word_1_177' title='bbox 1602 1469 1823 1514; x_wconf 85' lang='lat' dir='ltr'>enodandis,</span> <span class='ocrx_word' id='word_1_178' title='bbox 1843 1469 2157 1531; x_wconf 72' lang='lat' dir='ltr'>discutiendisqu‘e</span> <span class='ocrx_word' id='word_1_179' title='bbox 2185 1471 2248 1514; x_wconf 76' lang='lat' dir='ltr'>fac</span> <span class='ocrx_word' id='word_1_180' title='bbox 2277 1474 2345 1514; x_wconf 69' lang='lat' dir='ltr'>ita.</span> 
     </span>
     <span class='ocr_line' id='line_1_19' title="bbox 314 1516 2342 1574; baseline -0.001 -10"><span class='ocrx_word' id='word_1_181' title='bbox 314 1535 421 1568; x_wconf 89' lang='lat' dir='ltr'>tem,</span> <span class='ocrx_word' id='word_1_182' title='bbox 441 1535 486 1562; x_wconf 91' lang='lat' dir='ltr'>ac</span> <span class='ocrx_word' id='word_1_183' title='bbox 509 1519 643 1574; x_wconf 86' lang='lat' dir='ltr'>Judicii</span> <span class='ocrx_word' id='word_1_184' title='bbox 671 1519 926 1565; x_wconf 87' lang='lat' dir='ltr'>soliditatem,</span> <span class='ocrx_word' id='word_1_185' title='bbox 946 1531 1031 1571; x_wconf 84' lang='lat' dir='ltr'>quae</span> <span class='ocrx_word' id='word_1_186' title='bbox 1054 1516 1259 1565; x_wconf 85' lang='lat' dir='ltr'>junioribus</span> <span class='ocrx_word' id='word_1_187' title='bbox 1278 1518 1516 1570; x_wconf 84' lang='lat' dir='ltr'>scriptoribus</span> <span class='ocrx_word' id='word_1_188' title='bbox 1540 1519 1768 1572; x_wconf 87' lang='lat' dir='ltr'>plerumque</span> <span class='ocrx_word' id='word_1_189' title='bbox 1792 1531 1976 1569; x_wconf 68' lang='lat' dir='ltr'>necatur,</span> <span class='ocrx_word' id='word_1_190' title='bbox 2007 1522 2213 1565; x_wconf 71' lang='lat' dir='ltr'>demiratus</span> <span class='ocrx_word' id='word_1_191' title='bbox 2234 1527 2342 1565; x_wconf 78' lang='lat' dir='ltr'>sum.</span> 
     </span>
     <span class='ocr_line' id='line_1_20' title="bbox 314 1553 2342 1627; baseline -0.003 -13"><span class='ocrx_word' id='word_1_192' title='bbox 314 1575 579 1627; x_wconf 75' lang='lat' dir='ltr'>Qmobrem</span> <span class='ocrx_word' id='word_1_193' title='bbox 602 1575 678 1620; x_wconf 88' lang='lat' dir='ltr'>ejus</span> <span class='ocrx_word' id='word_1_194' title='bbox 702 1572 850 1612; x_wconf 85' lang='lat' dir='ltr'>labores</span> <span class='ocrx_word' id='word_1_195' title='bbox 878 1568 1117 1623; x_wconf 85' lang='lat' dir='ltr'>dignisfimos</span> <span class='ocrx_word' id='word_1_196' title='bbox 1128 1570 1265 1610; x_wconf 89' lang='lat' dir='ltr'>censeo</span> <span class='ocrx_word' id='word_1_197' title='bbox 1278 1597 1290 1614; x_wconf 91' lang='lat'>‚</span> <span class='ocrx_word' id='word_1_198' title='bbox 1334 1569 1402 1621; x_wconf 90' lang='lat' dir='ltr'>qui</span> <span class='ocrx_word' id='word_1_199' title='bbox 1429 1570 1478 1609; x_wconf 89' lang='lat' dir='ltr'>ad</span> <span class='ocrx_word' id='word_1_200' title='bbox 1497 1583 1756 1612; x_wconf 87' lang='lat' dir='ltr'>communem</span> <span class='ocrx_word' id='word_1_201' title='bbox 1769 1571 1811 1612; x_wconf 86' lang='lat' dir='ltr'>in</span> <span class='ocrx_word' id='word_1_202' title='bbox 1833 1553 1923 1616; x_wconf 59' lang='lat' dir='ltr'>foro</span> <span class='ocrx_word' id='word_1_203' title='bbox 1950 1574 2183 1617; x_wconf 75' lang='lat' dir='ltr'>versantium</span> <span class='ocrx_word' id='word_1_204' title='bbox 2202 1577 2342 1626; x_wconf 62' lang='lat' dir='ltr'>milita.</span> 
     </span>
     <span class='ocr_line' id='line_1_21' title="bbox 316 1620 2344 1678; baseline -0.006 -10"><span class='ocrx_word' id='word_1_205' title='bbox 316 1638 397 1668; x_wconf 86' lang='lat' dir='ltr'>tem</span> <span class='ocrx_word' id='word_1_206' title='bbox 421 1626 664 1678; x_wconf 85' lang='lat' dir='ltr'>proferantur</span> <span class='ocrx_word' id='word_1_207' title='bbox 687 1622 729 1661; x_wconf 88' lang='lat' dir='ltr'>in</span> <span class='ocrx_word' id='word_1_208' title='bbox 752 1624 906 1663; x_wconf 90' lang='lat' dir='ltr'>lucem.</span> <span class='ocrx_word' id='word_1_209' title='bbox 932 1624 1072 1662; x_wconf 85' lang='lat' dir='ltr'>Romae</span> <span class='ocrx_word' id='word_1_210' title='bbox 1094 1620 1155 1660; x_wconf 91' lang='lat' dir='ltr'>die</span> <span class='ocrx_word' id='word_1_211' title='bbox 1180 1634 1242 1661; x_wconf 87' lang='lat'>20.</span> <span class='ocrx_word' id='word_1_212' title='bbox 1262 1622 1402 1673; x_wconf 84' lang='lat' dir='ltr'>Aprilis</span> <span class='ocrx_word' id='word_1_213' title='bbox 1433 1635 1543 1669; x_wconf 83' lang='lat'>1720.</span> <span class='ocrx_word' id='word_1_214' title='bbox 2208 1624 2213 1627; x_wconf 80' lang='grc'><strong>“</strong></span> <span class='ocrx_word' id='word_1_215' title='bbox 2339 1625 2344 1629; x_wconf 90' lang='grc'><em>“</em></span> 
     </span>
    </p>

    <p class='ocr_par' dir='ltr' id='par_1_9' title="bbox 417 1675 1456 1731">
     <span class='ocr_line' id='line_1_22' title="bbox 417 1675 1456 1731; baseline -0.004 -15"><span class='ocrx_word' id='word_1_216' title='bbox 417 1679 546 1731; x_wconf 82' lang='lat' dir='ltr'><em>Jofeph</em></span> <span class='ocrx_word' id='word_1_217' title='bbox 572 1676 845 1716; x_wconf 68' lang='lat' dir='ltr'>Accorambonus</span> <span class='ocrx_word' id='word_1_218' title='bbox 869 1680 904 1714; x_wconf 84' lang='lat' dir='ltr'>in</span> <span class='ocrx_word' id='word_1_219' title='bbox 929 1685 1074 1726; x_wconf 61' lang='lat' dir='ltr'><em>Romana</em></span> <span class='ocrx_word' id='word_1_220' title='bbox 1099 1675 1196 1713; x_wconf 82' lang='lat' dir='ltr'>curia</span> <span class='ocrx_word' id='word_1_221' title='bbox 1221 1678 1429 1715; x_wconf 53' lang='lat' dir='ltr'>advocatus</span> <span class='ocrx_word' id='word_1_222' title='bbox 1444 1701 1456 1714; x_wconf 84' lang='lat'><strong>.</strong></span> 
     </span>
    </p>
   </div>
   <div class='ocr_carea' id='block_1_7' title="bbox 353 1835 2328 1854">
    <p class='ocr_par' dir='ltr' id='par_1_10' title="bbox 353 1835 2328 1854">
     <span class='ocr_line' id='line_1_23' title="bbox 353 1835 2328 1854; baseline 0 1838"><span class='ocrx_word' id='word_1_223' title='bbox 353 1835 2328 1854; x_wconf 95' lang='lat' dir='ltr'> </span> 
     </span>
    </p>
   </div>
   <div class='ocr_carea' id='block_1_8' title="bbox 736 1955 1498 2028">
    <p class='ocr_par' dir='ltr' id='par_1_11' title="bbox 736 1955 1498 2028">
     <span class='ocr_line' id='line_1_24' title="bbox 736 1955 1498 2028; baseline 0.004 -23"><span class='ocrx_word' id='word_1_224' title='bbox 736 1955 1498 2028; x_wconf 55' lang='lat' dir='ltr'><em>JMPRLMATDR</em></span> 
     </span>
    </p>
   </div>
   <div class='ocr_carea' id='block_1_9' title="bbox 394 2091 2164 2172">
    <p class='ocr_par' dir='ltr' id='par_1_12' title="bbox 394 2091 2164 2172">
     <span class='ocr_line' id='line_1_25' title="bbox 394 2091 2164 2172; baseline -0.001 -19"><span class='ocrx_word' id='word_1_225' title='bbox 394 2106 460 2153; x_wconf 80' lang='lat' dir='ltr'>Fr.</span> <span class='ocrx_word' id='word_1_226' title='bbox 492 2103 737 2172; x_wconf 83' lang='lat' dir='ltr'>Gregorius</span> <span class='ocrx_word' id='word_1_227' title='bbox 772 2103 922 2156; x_wconf 86' lang='lat' dir='ltr'>Selleri</span> <span class='ocrx_word' id='word_1_228' title='bbox 956 2101 1070 2154; x_wconf 88' lang='lat' dir='ltr'>Ord.</span> <span class='ocrx_word' id='word_1_229' title='bbox 1104 2099 1328 2166; x_wconf 63' lang='lat' dir='ltr'>Braedicat,</span> <span class='ocrx_word' id='word_1_230' title='bbox 1367 2105 1483 2154; x_wconf 86' lang='lat' dir='ltr'>Sacri</span> <span class='ocrx_word' id='word_1_231' title='bbox 1517 2101 1672 2155; x_wconf 85' lang='lat' dir='ltr'>Palatii</span> <span class='ocrx_word' id='word_1_232' title='bbox 1708 2091 1958 2170; x_wconf 73' lang='lat' dir='ltr'>Apostolici.</span> <span class='ocrx_word' id='word_1_233' title='bbox 1986 2101 2164 2170; x_wconf 80' lang='lat' dir='ltr'>Magist-</span> 
     </span>
    </p>
   </div>
   <div class='ocr_carea' id='block_1_10' title="bbox 2226 3379 2338 3431">
    <p class='ocr_par' dir='ltr' id='par_1_13' title="bbox 2226 3379 2338 3431">
     <span class='ocr_line' id='line_1_26' title="bbox 2226 3379 2338 3431; baseline 0.009 -1"><span class='ocrx_word' id='word_1_234' title='bbox 2226 3381 2250 3430; x_wconf 89' lang='lat'>1</span> <span class='ocrx_word' id='word_1_235' title='bbox 2263 3379 2338 3431; x_wconf 80' lang='lat' dir='ltr'>N·-</span> 
     </span>
    </p>
   </div>
  </div>
 </body>
</html>
