2424 3692
0 216 10 242 ,Α
1775 233 1779 238 ,
2089 181 2131 226 ν

0 282 10 363 4
104 257 279 343 ‘coaiz
340 248 758 342 Academiae
810 248 1058 336 erectae
1078 313 1104 345 ,
1162 246 1630 336 Bibliothecae
1645 247 1773 335 vel
1763 249 2122 367 fundate,

7 369 10 477 ξ
112 371 246 460 <vol
293 391 404 455 tot
446 367 836 454 Codicibus
894 365 1162 457 Graecis
1181 432 1205 466 ,
1264 366 1665 452 Hebraicis
1683 432 1708 467 ,
1769 367 2127 484 Syriacis,

6 487 9 551 ³
117 487 472 590 Arabicis.
497 485 750 584 aubia,
771 483 1288 605 Tjipograpbiae
1308 485 1859 605 refiitutesatis
1877 488 2129 612 super-

112 638 258 728 que
277 612 619 701 innuunt,
642 605 1063 723 Principem
1096 610 1293 691 omni
1311 604 1717 690 eruditione
1740 605 2129 723 refertum,

113 724 346 845 quam
363 723 856 842 ardentiffime
882 728 1196 821 virtuti,
1233 721 1570 838 &glorie
1619 730 2124 839 patrocinari.

3 907 6 936 2
87 840 488 972 .Qodque
521 844 765 957 magis
800 841 1299 929 admiratione
1315 841 1619 954 dignum
1636 873 1666 924 .·
1686 849 1932 928 omnia
1956 844 2030 927 B
2034 840 2128 927 el-

0 1037 5 1065 ,
117 963 173 1050 li
198 960 662 1078 temporibus.
685 957 900 1046 Tunc
913 959 1252 1076 equidem
1273 958 1362 1044 ob
1398 980 1509 1044 tot
1539 1024 1563 1055 ,
1586 958 1989 1079 tantasque
2011 989 2129 1046 ca-

1 1067 4 1110 *
113 1081 506 1170 lamitates
525 1126 548 1175 ,
566 1078 1024 1196 oppreffiones
1046 1145 1069 1175 ,
1094 1077 1587 1174 incommoda,
1629 1079 1894 1194 quibus
1915 1076 2127 1163 Chri..-

0 1205 4 1299 ἱ
102 1197 362 1316 stiana
382 1195 815 1315 Respublica
850 1195 1450 1315 adhucafficitur,
1481 1195 1892 1283 debuerant
1913 1197 2127 1307 Bone

0 1319 3 1425 ἐ
113 1320 348 1406 -Artes
365 1337 503 1400 aut
512 1321 783 1432 perire,
817 1337 955 1401 aut
977 1316 1367 1436 torpescere
1386 1345 1419 1410 ,·
1457 1312 1609 1432 sed
1658 1314 2128 1432 tantumfuit

0 1429 3 1530 ἰ
115 1462 298 1551 erga
311 1431 482 1522 illas
503 1432 944 1518 SANCTJTATIS
978 1431 1071 1519 V
1065 1465 1215 1514 12·ssss
1229 1465 1299 1518 ΑΞ
1346 1439 1874 1551 patrocinium,
1910 1455 1996 1517 ut
2026 1463 2131 1517 re·

118 1552 549 1672 viviscerent
570 1615 595 1646 ‚
630 1577 722 1635 ac
730 1547 1090 1669 florerent
1107 1612 1131 1648 ,·
1169 1550 1337 1636 cum
1350 1549 1440 1670 se
1479 1550 1853 1638 crederent
1886 1548 2131 1669 miſser-

119 1673 306 1759 rime
338 1674 811 1756 interituras.
956 1675 1307 1755 uinimmo
1325 1670 1416 1754 id
1409 1667 1555 1787 sub
1590 1698 1736 1756 uno
1779 1669 2132 1787 Principe

0 1849 2 1885 ἱ
105 1788 513 1910 splendoris
533 1780 906 1904 affequute
907 1791 1094 1910 sunt
1113 1849 1152 1885 ,-
1172 1788 1376 1905 quod
1387 1786 1513 1872 vel
1542 1785 1870 1906 plurium
1890 1854 1892 1859 -
1912 1793 2131 1874 conti-

0 1947 1 1950 *
125 1930 350 1994 nuato
395 1902 704 2025 presidio
720 1936 864 1991 non
903 1905 1137 2024 facile
1184 1903 1609 2029 potuissent.
1672 1906 1965 1992 Invicta
2016 1906 2133 1991 de-

125 2032 345 2143 nique
402 2027 632 2111 animi
693 2020 842 2107 Tui
887 2021 1288 2136 constantia
1308 2092 1330 2123 ,
1393 2025 1544 2142 qud
1606 2023 1827 2111 Viris
1864 2025 2135 2109 bonum

128 2165 493 2229 certamen
549 2140 1025 2238 certantibus,
1067 2140 1307 2253 fidem
1368 2143 1852 2261 servantibus
1875 2209 1897 2239 ,
1981 2171 2135 2227 cur-

111 2261 423 2381 sumque
437 2256 761 2375 feliciter
796 2258 1458 2377 consummantibus
1475 2327 1498 2358 ,
1550 2289 1853 2345 -murum
1894 2259 2133 2376 fabiis

120 2401 253 2498 pro
314 2379 558 2464 Domo
620 2375 890 2492 fflael,
950 2375 1200 2491 justus
1250 2374 1516 2490 Judex
1543 2444 1563 2474 ,
1648 2378 1761 2481 ad
1812 2377 2135 2464 Sacrum

132 2492 667 2580 Cardinalatus
732 2492 1064 2614 stpicem
1125 2518 1352 2613 nuper
1414 2486 1764 2593 evehens,
1820 2491 2134 2609 Justitie

132 2641 466 2699 coronam
540 2609 919 2725 reddidisti
936 2678 959 2709 ,
1020 2635 1171 2698 toto
1263 2612 1680 2700 Terrarum
1743 2614 1930 2698 Orbi
1993 2611 2133 2698 Te-

135 2729 939 2845 siimoniumperhibet,
995 2728 1103 2815 Te
1122 2761 1265 2815 non
1290 2731 1636 2817 humanis
1695 2730 2131 2826 rationibus,

139 2878 267 2933 nec
282 2846 517 2932 Carni
546 2912 570 2942 ,
635 2876 767 2932 nec
797 2846 1166 2962 Sanguini
1198 2844 1670 2965 conquieviffe
1692 2916 1709 2932 .
1771 2847 1980 2932 Hinc
1994 2846 2136 2932 cla-

141 2966 399 3081 riffime
459 2964 693 3078 liquet
753 2965 977 3079 quam
1036 2962 1437 3084 jufliffime
1477 2956 1745 3051 librum
1783 2965 1872 3050 de
1904 2961 2135 3078 Jure-

132 3102 572 3198 patronatus
614 3081 1017 3169 immortali
1071 3082 1233 3169 Tuo
1275 3086 1606 3173 Nomine
1649 3083 2137 3168 decorandum

144 3207 612 3314 excogitarim
648 3267 664 3284 .
725 3202 1030 3288 Accedit
1074 3209 1304 3290 etiam
1360 3203 1566 3322 quod
1596 3202 1756 3287 cum
1802 3207 2135 3320 primitie

2008 3322 2135 3390 Deo
