2424 3692
63 36 77 53 6

288 271 386 332 De
406 267 937 352 Jurepatronatus
953 311 968 326 .
1015 266 1158 327 Pars
1180 265 1414 338 Lean.
1445 264 1553 327 III.
1582 261 1725 327 Cas
1737 258 1841 328 IV.a

127 388 224 447 quia
243 386 506 433 tetrastarunt
518 399 659 427 eorum
671 383 961 440 depositionem
974 394 1062 426 tum

124 447 247 490 etiam
267 446 365 501 'quia
387 443 487 486 fides
508 457 597 485 non
613 442 708 485 facit
732 441 854 484 fidem
868 468 882 490 a
906 453 950 483 ut
973 440 1062 484 sunt

124 517 226 546 notae
238 501 382 557 regulae
396 528 408 548 ‚
421 499 616 557 praecipue
630 500 725 544 vero
740 501 836 546 ubi,
848 509 966 556 prout
979 499 1061 545 hic,

123 562 194 610 alii
205 561 338 603 Testes
359 557 544 601 formiter
566 559 755 612 repetiti:
786 557 1062 600 contrarium.)

125 618 330 673 deponunt
347 621 451 659 Rota
475 630 605 657 coram
612 617 681 669 sa:
694 628 805 656 mem:
830 614 1059 657 Alexandro

123 677 256 718 VIII.
267 675 377 727 decis.
394 675 461 723 58.
473 688 576 715 num.
588 689 610 728 3
620 685 660 723 7.
673 672 842 732 &seqq.
867 671 917 714 ό·
931 685 1058 712 corant

3 725 27 763 ,ἵ
123 732 223 788 celso
245 732 358 785 decis.
372 736 443 783 36.
467 746 572 774 num.
592 743 659 773 12.

132 817 137 819 -
180 791 347 832 Familia
369 802 504 832 autem
534 790 591 833 est
614 789 734 832 valde
763 784 972 831 numerosa
995 785 1060 829 us-

124 862 204 906 que
217 848 269 890 ad
285 859 353 898 24.
366 847 550 904 personas
562 873 577 895 2
607 849 702 889 &in
724 847 953 889 nobilitatis
965 859 1055 900 gra-

64 907 179 966 ):9du
199 906 412 948 constituta
427 932 441 952 ‚
462 909 502 948 &
527 917 725 961 quatenus
738 906 860 946 etiam
884 918 954 961 per
966 918 1056 945 mo-

123 960 219 1007 duni
241 963 473 1018 hypothesis
495 962 660 1005 delendi
674 960 794 1004 effent
815 963 868 1004 ab
890 963 967 1004 hoc
980 976 1056 1004 nu-

123 1034 233 1065 mero
254 1034 333 1064 tres
357 1020 433 1064 filii
458 1020 657 1063 naturales
670 1048 683 1068 ‚
706 1032 808 1074 quos
822 1032 954 1062 tamen
966 1033 1055 1060 om-

123 1082 218 1123 niuo
239 1079 530 1134 computandos
550 1077 626 1121 effe
650 1081 690 1120 in
703 1079 765 1119 his
789 1079 966 1120 terminis
982 1077 1056 1118 be-

123 1151 174 1179 ne
195 1137 346 1179 censuit
369 1136 604 1177 Lambertin.
626 1136 672 1177 de
687 1132 891 1193 ¹Jurepatr.
916 1135 982 1175 lib.
1011 1146 1053 1183 3.

125 1195 250 1251 quast.
266 1205 306 1244 3.
329 1203 408 1235 art.
423 1198 462 1235 6.
488 1207 591 1234 num.
610 1206 676 1245 14.
706 1193 838 1236 adhuc
851 1205 1055 1234 remanent

127 1266 148 1291 2
163 1266 196 1294 t.
217 1250 389 1308 personae
402 1278 416 1299 ‚
439 1254 543 1294 inter
555 1263 655 1305 quas
678 1253 859 1307 quinque
872 1253 1056 1293 Sorores»

122 1317 292 1365 quarum
316 1309 403 1352 duae
425 1322 657 1364 permanent
681 1311 722 1351 in
754 1308 893 1350 Domo
915 1310 1055 1350 Pater-

123 1380 199 1412 na,
223 1367 263 1410 δε
285 1369 373 1410 aliae
395 1379 475 1411 tres
498 1368 538 1409 in
549 1367 860 1413 Monasterim&
874 1368 1054 1408 Domum
1094 1396 1099 1401 .

123 1435 319 1480 gravant,
349 1425 496 1469 nedum
513 1426 553 1467 in
571 1424 688 1468 solita
711 1425 904 1467 menstrua
916 1423 1055 1479 provi-

123 1481 230 1525 lione
253 1481 446 1534 solvenda
458 1483 702 1526 Monasterio
723 1496 796 1539 pro
819 1483 1053 1526 alimonia.»

124 1543 172 1584 δε»
188 1554 262 1597 pto
283 1541 459 1584 vestibus
483 1563 497 1585 2
519 1540 691 1598 aliisque
715 1538 896 1595 impensis
917 1565 932 1586 2
962 1553 1052 1595 quae

123 1594 213 1642 sunt
232 1598 538 1643 confiderabiles
550 1613 623 1654 pro
639 1599 938 1641 manutentione
948 1596 1055 1639 Edu-

123 1655 339 1708 candarum
363 1685 377 1705 ‚
405 1671 507 1714 quas
531 1657 650 1699 decet
672 1656 857 1699 incedere
881 1657 964 1710 pari
983 1669 1054 1696 or-

122 1727 217 1757 natu
250 1729 342 1760 cum
374 1716 523 1759 caeteris
557 1715 707 1757 Puellis
739 1713 947 1755 nobilibus
980 1714 1054 1754 in,

120 1771 364 1818 Monasterio
386 1773 673 1819 existentibus,
695 1770 832 1816 verum
845 1772 964 1812 etiam
977 1783 1054 1827 pro

120 1830 204 1872 illis
226 1845 367 1890 parare,
389 1841 551 1886 oportet
573 1831 705 1873 Dotes
727 1843 819 1870 cum
842 1831 1051 1876 acconem,

120 1885 290 1948 aliisque
307 1889 493 1945 gravibus
513 1902 563 1931 ex
592 1888 688 1930 enfis
710 1889 750 1929 in
767 1886 834 1927 die
859 1886 1050 1928 Vestitio-

121 1947 207 1992 nis,
231 1961 278 1992 ac
290 1943 538 1989 Profeffionis
584 1947 641 1987 eri
662 1944 818 1990 solitis,
831 1956 876 1984 ac
889 1942 1053 2000 affigna-

122 2015 165 2045 re
186 2001 349 2052 solitum
373 2003 601 2050 Livellum,
624 2016 670 2047 ut
692 2003 744 2044 de
767 2000 962 2042 fimilibus
982 2016 1054 2044 ex-

122 2061 270 2118 pensis,
293 2066 332 2105 &
345 2062 506 2104 Livello
528 2061 634 2103 dixit
651 2065 753 2102 Rota
775 2057 816 2099 in
832 2061 1051 2099 Romana...

120 2119 410 2178 Fideieommff
432 2119 478 2158 de
510 2120 740 2162 Maximis
766 2115 887 2169 super
908 2117 1052 2169 primis

121 2190 290 2235 quatuor
305 2176 648 2232 subrogationibus
685 2175 750 2215 18.
775 2171 890 2232 ‘Junii
925 2185 1051 2227 1707.

14 2275 23 2284 ,
51 2267 54 2270 -
120 2237 160 2279 S.
177 2236 326 2299 Qoad
337 2234 529 2289 primam,
559 2232 728 2290 &seqq-
740 2231 789 2274 &⁴
807 2243 874 2281 17.
891 2233 1052 2273 Decem-

121 2293 203 2336 bris
230 2296 354 2345 1708.
377 2297 414 2339 §.
438 2290 688 2333 Procedentes
705 2292 833 2336 enim',
864 2288 914 2330 (θ’
930 2290 1053 2347 seqq.

117 2365 250 2393 coram
271 2353 396 2396 One.

175 2408 228 2452 Et
282 2410 437 2452 uamvis
453 2408 557 2451 alter
580 2420 630 2450 ex
654 2406 845 2450 fratribus
864 2407 1049 2449 Patronis

116 2424 305 2522 ingressilis
322 2465 445 2509 fuerit
465 2468 694 2509 Oratorium
719 2466 851 2508 Sansti
868 2465 1049 2519 Philippi

78 2557 81 2561 »
115 2525 232 2567 Nerii
253 2526 476 2580 Neapoli5‚
500 2536 677 2581 quatuor
700 2522 796 2566 vero
821 2521 922 2569 filii,
954 2523 1049 2578 qui-

115 2582 192 2623 bus
214 2594 401 2639 gravatur
423 2585 525 2624 alter
553 2580 699 2627 frater,
724 2579 797 2622 sint
819 2583 860 2623 in
888 2591 1048 2622 tenera-a

115 2651 253 2683 aetatez
285 2652 419 2682 tamen
445 2641 612 2682 Domini
637 2637 919 2695 ponderantur,
934 2637 1048 2692 quod

114 2711 187 2753 pro
220 2698 468 2754 Presbyteris
505 2697 684 2739 Oratorii
717 2697 847 2739 Sancti
869 2695 1046 2750 Philippi

113 2757 338 2811 requiritur·
371 2754 536 2798 solitum
577 2753 780 2797 Livellum
812 2781 825 2801 ‚
859 2767 909 2796 ex
935 2753 1047 2804 cujus

81 2811 270 2857 .defe&u
305 2827 385 2856 non
414 2815 549 2870 potuit
582 2812 713 2854 adhuc
753 2812 881 2854 dictus
923 2810 1047 2855 frater

112 2870 329 2926 procedere
349 2869 619 2912 adulteriora
642 2871 681 2911 in
705 2867 947 2926 susceptione
972 2867 1048 2910 Sa-

113 2940 268 2970 crorum
294 2929 518 2975 Ordinum‚
543 2940 588 2969 ut
614 2928 667 2968 de
692 2926 754 2968 his
781 2927 1043 2982 praestationi-

114 2983 211 3028 bus,
240 2984 305 3027 seu
329 2986 493 3028 Livellis
517 2999 589 3042 pro
614 2984 827 3039 Religiofis
846 3012 860 3031 2
891 2987 1044 3030 ‘Rota-2

116 3039 222 3092 decis:
236 3046 330 3095 671.
350 3057 454 3085 num.
471 3054 541 3093 32.
565 3056 691 3082 coram
703 3042 923 3087 Medium
950 3041 1045 3082 Filii

116 3098 211 3143 verb
233 3098 391 3142 alterius
413 3100 545 3143 fratris
559 3127 572 3147 2
596 3102 782 3156 quamvis
795 3112 936 3142 tenerae
950 3111 1045 3145 acta-

112 3155 187 3201 tis,
216 3159 419 3210 requirunt
446 3171 579 3200 tamen
604 3156 796 3213 expensas
817 3157 1045 3199 considera·

110 3212 213 3254 biles
236 3227 308 3268 pro
332 3215 528 3262 Nutrice,
553 3219 592 3257 &
614 3214 795 3262 Studiis,
821 3227 902 3271 que
917 3240 929 3260 ‚
953 3227 1043 3255 cre·

109 3267 237 3312 scente
258 3282 390 3321 etate,
418 3272 621 3319 crescunt,
655 3277 695 3314 δε
722 3274 763 3315 in
787 3273 874 3314 dies
900 3273 1039 3328 augeri

109 3326 262 3381 possunt
285 3342 356 3383 per
376 3332 626 3373 nativitatem
649 3333 821 3372 aliorum
847 3329 1038 3376 filiorum,

109 3397 194 3428 cum
211 3399 353 3442 agatur
373 3387 426 3429 de
442 3390 579 3436 Uxore
592 3415 607 3436 ‚
633 3391 672 3430 &
688 3388 786 3431 Viro
808 3390 848 3431 in
873 3387 1040 3431 florida...

1179 383 1388 435 iuventute
1402 383 1684 430 existentibus,
1707 386 1748 426 &
1772 382 1824 425 sic
1847 382 2034 439 quotidie
2050 398 2114 427 re-

1179 442 1267 483 dire
1299 455 1508 496 oporteret
1533 442 1585 485 ad
1620 443 1783 484 Sacrum
1807 440 2003 483 Tribunal
2039 455 2114 498 pro

1180 500 1377 554 augendis
1411 500 1628 543 Alimentis
1664 500 1826 541 istorum
1861 496 2068 541 filiorum,
2098 523 2112 542 ,

1179 570 1301 613 prout
1324 556 1438 600 auesta
1470 556 1660 604 Famili32
1694 561 1734 599 δε
1754 556 1937 613 expensio
1963 568 2115 610 augen-

1178 615 1232 658 da
1255 613 1349 657 esset
1370 627 1416 657 ut
1439 617 1601 657 tradunt
1623 615 1807 656 Gratian.
1831 614 1980 668 dficpt.
2011 623 2112 663 613,

1178 687 1283 713 num.
1301 685 1319 710 2
1331 685 1369 723 3.
1386 677 1489 715 Rota
1511 688 1638 715 coram
1662 672 1863 717 Mantic.
1884 671 1996 724 decis}
2013 686 2034 726 3
2043 687 2063 726 3
2078 685 2112 712 1-

1180 745 1289 771 num.
1315 741 1353 778 5.
1686 736 1693 744 ‘

1237 787 1346 829 cum
1381 803 1478 844 ergo
1510 791 1551 831 in
1584 789 1647 831 his
1678 790 1855 830 terminis
1880 802 1951 842 pro
1974 800 2114 828 manu-

1174 847 1354 894 tentione
1377 847 1494 896 hujus
1518 846 1731 889 numerosae
1753 845 1950 888 Familiae,
1974 843 2113 894 juxta„

1172 901 1259 951 ejus
1282 907 1584 952 conditionem,
1617 908 1656 946 &
1680 902 2007 945 consuetudinem
2034 899 2114 940 Re-

1119 963 1333 1016 20gionis2
1363 966 1590 1017 requiratur
1613 956 1922 1004 subministratio
1935 957 2114 1001 confide-

1175 1020 1407 1063 rabiliffimae
1424 1020 1604 1069 summae,
1637 1020 1928 1075 excomputatis
1959 1019 2116 1058 etiam)

1175 1078 1375 1120 reditibus
1405 1081 1575 1134 propriis
1612 1077 1820 1122 ascenden·
1863 1076 1915 1118 ad
1945 1075 2114 1116 ducatos

1181 1134 1276 1184 138·
1299 1138 1366 1179 vel
1389 1138 1511 1191 paulo
1533 1138 1622 1194 plus
1645 1163 1660 1183 2
1693 1147 1737 1177 ut
1760 1133 1845 1175 fieri
1867 1132 2016 1174 debere
2037 1130 2115 1171 ob-

1176 1189 1309 1247 servat
1342 1199 1448 1239 Rota
1470 1196 1580 1249 decisl
1605 1209 1645 1246 7.
1668 1207 1815 1235 numer.
1840 1194 1877 1233 8.
1901 1193 1941 1231 in
1950 1191 2077 1244 fine-2
2099 1213 2113 1231 ι

1166 1255 1504 1305 pamm-Recenti
1522 1258 1562 1295 δε
1584 1253 1607 1294 ὲ
1629 1250 1824 1294 converso
1847 1264 1925 1291 non
1951 1246 2116 1290 modica

1174 1309 1308 1351 adhuc
1347 1310 1567 1353 versaretur
1599 1312 1807 1356 contentio
1843 1309 1946 1350 inter
1982 1317 2115 1363 partes

1174 1363 1290 1420 super
1316 1369 1515 1411 reditibus
1540 1367 1826 1410 Beneficiorum
1851 1393 1864 1412 ‚
1895 1379 2001 1423 quos
2035 1363 2114 1404 fra-

1174 1436 1254 1467 tres
1298 1426 1465 1470 Astores
1505 1424 1775 1468 substinebant
1820 1423 2030 1466 ascendere
2060 1421 2115 1463 ad

1173 1483 1342 1528 ducatos
1365 1497 1486 1534 1900.
1507 1485 1652 1528 Rector
1675 1483 1772 1526 vero
1795 1482 2023 1526 calculabat
2043 1482 2116 1521 in.»

1173 1541 1271 1585 solis
1309 1545 1467 1586 ducatis
1505 1553 1627 1593 1300.
1672 1540 1832 1595 istisque
1859 1555 1931 1596 pro
1968 1536 2113 1587 majori

1173 1613 1286 1656 parte
1330 1603 1489 1643 incertis
1520 1626 1533 1646 ‚
1575 1599 1718 1656 utpote
1760 1600 2027 1652 pendentibus
2059 1595 2115 1636 ab

1172 1661 1285 1715 exitu
1307 1659 1388 1702 litis
1412 1658 1525 1714 super
1541 1658 1816 1714 prohibitione
1840 1655 1994 1699 serendi
2017 1652 2113 1694 Ori-

1170 1729 1262 1758 zam
1292 1715 1384 1758 aliis
1409 1717 1634 1757 Territoriis
1663 1715 1841 1757 finitimis
1870 1715 2067 1766 injunctas
2098 1726 2109 1755 5

1170 1776 1264 1816 hinc
1290 1776 1458 1816 Domini
1480 1773 1762 1818 crediderunt,
1793 1775 1991 1827 optimum
2017 1767 2115 1811 esse)

1173 1843 1529 1887 temperamentum
1544 1854 1558 1875 >
1589 1832 1756 1873 statuere
1779 1843 1927 1873 certam
1942 1857 1955 1877 ³
1988 1834 2027 1873 &
2052 1828 2115 1867 in-

1173 1891 1413 1933 variabilem
1446 1886 1638 1930 summam
1660 1902 1733 1942 pro
1764 1900 1942 1945 congrua
1968 1885 2116 1930 3εᾶὶο-

1172 1949 1253 1990 ris,
1284 1952 1326 1990 &
1347 1960 1510 2003 caeteros
1533 1946 1680 1988 fruetus
1703 1945 1890 1999 assignare
1923 1961 1997 2003 pro
2019 1944 2114 1987 Ali-

1171 2007 1319 2047 mentis
1351 2007 1642 2051 Patronorum,
1675 2006 1772 2060 quia
1795 2004 1875 2048 five
1899 2005 1997 2047 dieti
2028 2003 2113 2045 fru-

1171 2063 1259 2104 έὶιιε
1285 2061 1496 2105 ascendant
1520 2062 1570 2104 ad
1606 2059 1799 2104 summam
1832 2061 2064 2118 praetensam
2087 2056 2112 2100 a

1171 2122 1378 2164 Pati-onim
1410 2118 1488 2162 {ive
1509 2119 1716 2162 consistant
1747 2122 1788 2160 in
1811 2129 1859 2162 ea·
1882 2120 2066 2162 tantum-2
2096 2144 2110 2166 ‚

1171 2192 1298 2233 quam
1325 2179 1476 2231 allegat
1490 2178 1661 2222 Κρᾶθιν,
1693 2175 1845 2232 semper
1869 2191 1985 2220 erunt
2009 2178 2112 2220 infe·
2147 2189 2154 2195 ·

1171 2238 1297 2278 riores
1319 2235 1532 2277 neceliitati
1546 2261 1559 2280 ‚
1573 2233 1654 2290 qud
1672 2247 1904 2288 premuntur
1927 2237 2022 2277 dieti
2037 2240 2113 2279 Pa-

1172 2295 1304 2340 troni,
1335 2295 1407 2347 qui
1422 2291 1585 2336 ulterius
1609 2293 1685 2333 hoc
1708 2295 1832 2335 modo
1854 2293 2111 2348 subsunt-pe-

1169 2352 1302 2393 riculo
1326 2351 1490 2392 illorum
1508 2350 1785 2392 diminutionis
1800 2378 1812 2398 ‚
1834 2356 1873 2394 ἃ.
1898 2351 2108 2395 incertitu-

1170 2409 1276 2451 dinis
1298 2408 1428 2451 exitfis
1451 2407 1616 2462 praefatae
1639 2409 1745 2450 litis:
1777 2408 1907 2467 aquo
1933 2408 2110 2452 econtra

1168 2467 1275 2509 liber
1295 2468 1434 2510 evadit
1458 2467 1626 2512 Restm,
1650 2468 1722 2521 qui
1753 2481 1823 2522 per
1840 2471 2110 2523 antipatrem)

1170 2523 1279 2567 suam
1304 2538 1520 2580 congruam
1542 2524 1753 2566 detrahere
1777 2525 1926 2574 debet,
1941 2530 1980 2568 &
1994 2526 2108 2581 quod

1169 2583 1373 2638 reliquum
1395 2583 1449 2624 est
1466 2605 1479 2625 2
1509 2581 1588 2625 five
1620 2581 1738 2637 plus,
1770 2582 1849 2626 five
1873 2588 2001 2626 minus
2024 2583 2108 2624 affi-

1118 2651 1131 2666 ·
1167 2654 1291 2695 gnare
1315 2641 1522 2686 Patronis,
1554 2644 1594 2682 &
1618 2640 1780 2682 tollitur
1806 2644 1928 2684 etiam
1953 2641 2106 2682 occafio

1167 2711 1361 2741 novarum
1385 2698 1519 2740 litium
1549 2699 1590 2739 in
1621 2696 1711 2739 casu
1743 2698 2022 2742 diminutionis
2043 2711 2107 2739 re-

1166 2755 1326 2798 dituum
1340 2782 1354 2802 2
1378 2768 1497 2812 prout
1522 2755 1777 2797 inevitabiles
1790 2754 1925 2801 essent,
1940 2755 1965 2798 fi
1980 2756 2104 2798 modo

1165 2822 1368 2856 taxaretur
1391 2826 1500 2855 certa
1524 2811 1672 2853 summa
1696 2815 1877 2856 Patronis
1908 2817 1948 2857 in
1972 2816 2104 2870 capita

1108 2871 1449 2927 21confignanda.
1481 2872 1525 2910 In
1547 2871 1620 2911 hac
1633 2872 1736 2911 enim
1763 2875 1927 2914 materia
1948 2870 2106 2927 assigna-

1163 2931 1248 2975 tio‚
1263 2933 1302 2970 &
1317 2930 1470 2970 taxatio
1493 2941 1571 2968 non
1588 2928 1712 2970 habet
1735 2941 1882 2971 certam
1905 2931 2102 2982 regulam,

1163 2985 1231 3027 sed
1257 2987 1476 3027 remittitur
1499 2986 1666 3026 arbitrio
1696 2987 1903 3041 prudentis
1926 2988 2101 3042 Iudicis,

1163 3056 1209 3085 ut
1232 3043 1338 3084 dixit
1362 3045 1473 3090 ‘Rota
1493 3056 1620 3082 coram
1639 3046 1764 3085 Paenia
1786 3045 1892 3098 decis.
1910 3050 2006 3085 661.
2019 3058 2102 3086 n.1.

1162 3100 1212 3142 ὠ*
1240 3114 1371 3141 coram
1395 3100 1546 3141 Coccina
1573 3100 1682 3155 decg'fi
1702 3113 1823 3152 1997.
1840 3103 1989 3144 num.8.

1073 3181 1081 3191 ι
1104 3170 1156 3199 22
1224 3157 1315 3198 Nec
1335 3158 1621 3213 obstat,quod
1651 3161 1790 3212 vigore
1817 3161 1925 3202 istius
1949 3173 2101 3217 tempe-

1162 3216 1332 3258 ramenti
1358 3216 1502 3256 Rector
1533 3216 1583 3255 de
1621 3217 1800 3259 Domino
1823 3217 1894 3259 fiat
1916 3218 2100 3260 Alimen-

1160 3275 1311 3315 tarius2
1343 3275 1382 3314 &
1409 3271 1602 3325 spolietur
1625 3272 1848 3329 poffcffione
1870 3277 2096 3317 Bonorum,

1158 3334 1202 3391 in
1225 3340 1397 3384 quorum
1422 3330 1760 3373 administratione
1784 3347 1833 3374 ex
1857 3334 2095 3374 Sacrorum)

1159 3389 1372 3433 Canonum
1408 3386 1688 3444 dispolitione‚
1741 3391 1902 3432 Patroni
1943 3402 2096 3442 nequa·

1972 3458 2114 3499 quam-
